3008 3711
1322 67 1673 122 .-12—-

250 229 351 265 esse
377 217 586 271 videatur.
641 216 804 271 Laudo,
833 226 945 271 quac
973 215 1027 260 de
1053 215 1180 272 Argis
1194 214 1224 272 ¹)
1253 217 1299 260 et
1324 215 1500 273 Mycene
1508 213 1544 271 ²)
1571 213 1770 268 urbibus,
1806 213 1912 259 item
1939 213 1994 260 de
2020 212 2404 269 Laccdaemone³)‚
2444 225 2583 269 prope
2607 226 2736 271 quam

252 296 362 341 adeo
390 298 554 341 certum
583 294 794 351 quendam
822 305 973 350 agrum
1001 293 1142 339 tritico
1165 293 1354 343 obsitum
1397 292 1552 349 (πεδίου
1579 289 1830 350 πυρηφόρον)
1871 289 2004 337 fuisse
2039 294 2340 337 commemorat
2380 289 2478 348 (Od.
2505 290 2590 346 111,
2616 293 2734 349 495),

252 367 437 429 denique
464 385 575 429 quae
602 372 655 417 de
682 371 833 429 Pylo⁴)
862 371 968 417 urbe
993 371 1204 427 leguntur.
1260 371 1358 417 Huc
1383 370 1494 416 adde
1522 374 1687 427 septem
1713 369 1810 415 illas
1835 367 1988 424 nrbes,
2031 374 2140 426 quas
2174 370 2465 426 Agamemnon
2500 381 2548 416 se
2583 369 2737 418 Achilli

252 464 334 509 pro
369 451 469 496 dote
497 451 697 496 daturum
726 463 822 496 esse
847 450 1061 507 promittit
1089 450 1155 507 (Il.
1183 450 1257 505 IX,
1288 449 1372 495 150
1399 448 1530 505 sqq.,)
1560 449 1841 506 Thryoessam
1866 447 2039 503 urbem,
2066 448 2112 493 in
2138 451 2282 494 monte
2309 448 2436 494 sitam
2465 448 2531 506 (n.
2549 449 2734 504 xlau.

261 529 477 587 Θρυόεσσα
504 529 642 583 πόλις,
678 530 817 574 αἰπεῖα
844 528 1009 586 κολώνη.
1067 527 1118 573 cf.
1137 528 1195 573 ⁰11.
1223 528 1286 583 H,
1317 527 1418 573 592:
1453 526 1614 586 Θρύον,
1637 527 1842 584 Ἀλφειοῖο
1870 525 2053 585 πόροι),
2089 527 2185 572 alia.

464 607 604 662 Magis
631 607 760 651 etiam
790 609 989 651 accurata
1017 618 1146 662 quam
1174 606 1451 662 Peloponnesi
1493 609 1562 650 est
1595 605 1821 661 desmiptio
1847 604 2037 662 [Ithacae
2077 604 2252 649 insulae.
2309 604 2423 649 Satis
2460 609 2608 652 auternv
2640 606 2733 660 erit,

252 685 326 731 hic
350 685 496 742 paucis
524 683 663 728 verbis
692 696 839 729 eorum
868 683 1108 738 admonere,
1139 696 1249 740 quae
1278 684 1331 728 de
1357 683 1649 739 Nympharum
1679 686 1803 728 antro
1832 682 1929 739 (Od.
1957 682 2074 736 xm,
2095 683 2178 727 102
2193 681 2324 737 sqq),
2354 682 2407 727 de
2426 682 2527 727 sede
2542 683 2734 738 Eumaei,

254 763 311 809 de
341 762 509 808 Coracis
537 773 644 817 rupe
673 764 718 806 et
746 761 799 806 de
826 761 1043 807 Arethusa
1069 760 1187 807 fonte
1215 762 1310 815 (Od.
1329 761 1446 815 xm,
1475 762 1612 816 408.),
1642 762 1696 806 de
1722 762 1804 815 via,
1834 773 1920 816 qua
1946 761 2044 805 inde
2070 762 2115 805 in
2141 760 2290 805 urbem
2317 763 2589 814 commeatur,
2618 765 2665 804 et
2681 761 2736 805 de

253 840 390 895 fonte,
438 852 491 885 ex
519 852 603 895 quo
638 838 883 885 Ithacenses
919 852 1076 896 aquam
1112 839 1365 884 hauriebant
1393 839 1489 896 (Od.
1518 840 1653 893 xvn,
1683 840 1769 884 204
1796 839 1929 894 sqq.)‚
1977 840 2031 884 de
2065 852 2169 894 agro
2196 839 2387 892 Laertia,
2416 839 2597 894 denique
2625 852 2735 894 quae

252 917 402 964 multis
429 917 532 964 locis
561 917 615 962 de
642 917 737 973 ipsa
765 916 872 963 urbe
900 921 946 963 et
973 917 1028 963 de
1055 917 1175 974 regia
1201 917 1334 963 Vlixis
1363 930 1389 962 a
1416 920 1545 973 poeta
1573 917 1780 962 dicuntur.
1818 917 1864 962 Si
1891 931 1987 963 cnm
2015 917 2082 962 his
2110 917 2432 973 comparaveris,
2470 930 2580 973 quae
2606 922 2736 973 poeta

254 996 311 1042 de
339 996 433 1040 aliis
462 996 588 1040 terris
616 995 803 1050 locisque
830 999 1053 1050 memorat,
1084 996 1310 1040 admodum
1338 996 1482 1039 tenuia
1510 999 1555 1039 et
1581 1008 1712 1051 parca
1739 1008 1791 1039 ea
1819 1008 1914 1061 esse
1941 996 2140 1040 invenies.
2196 997 2304 1041 Nolo
2339 996 2408 1040 hic
2443 996 2496 1040 de
2531 995 2734 1040 fabulosis

253 1074 339 1120 illis
367 1074 608 1130 regionibus
636 1074 765 1129 loqui,
796 1087 903 1130 quas
931 1075 1076 1119 Vlixes
1113 1075 1157 1119 in
1186 1074 1396 1119 erroribus
1426 1075 1514 1118 suis
1543 1087 1590 1118 se
1618 1075 1774 1119 adiisse
1800 1078 1970 1129 narrat,
1999 1076 2097 1119 nolo
2126 1087 2453 1120 commemorare
2481 1076 2733 1132 Aegyptum,

251 1153 536 1209 Phoenicium,
564 1153 757 1210 Libyam,
787 1154 895 1199 alias
922 1158 1109 1199 remotas
1138 1157 1295 1207 terras;
1325 1153 1400 1198 sed
1428 1166 1503 1198 cur
1530 1153 1688 1198 nullam
1717 1154 2073 1209 septemtrionalis
2103 1154 2306 1200 Graeciae
2333 1158 2499 1210 partem
2527 1155 2735 1211 copiosius

254 1234 435 1288 tractat,
481 1245 739 1289 quamquam
769 1233 942 1278 Achillis
970 1233 1152 1288 patriam
1181 1233 1240 1277 ibi
1267 1231 1398 1276 fuisse
1426 1235 1614 1286 constat,
1659 1245 1734 1278 cur
1760 1232 1948 1277 Atticam
1983 1233 2053 1277 vix
2087 1233 2234 1288 paucis
2269 1233 2409 1278 verbis
2437 1233 2631 1289 attingit,
2661 1246 2736 1279 cur

254 1315 431 1367 excepto
460 1323 564 1367 agro
593 1313 775 1368 Trojano
805 1313 936 1357 totius
964 1312 1092 1356 Asiae
1119 1311 1188 1355 vix
1215 1323 1299 1355 uno
1329 1311 1516 1355 alterove
1542 1311 1634 1356 loco
1662 1311 1854 1355 meminit
1863 1310 1928 1367 ⁵)‘?
1974 1310 2100 1355 Certe
2118 1298 2166 1355 'si
2193 1311 2462 1357 Atheniensis
2491 1315 2568 1356 aut
2585 1312 2735 1358 Jonius

254 1389 428 1444 fuisset,
477 1390 629 1435 harum
668 1395 879 1435 terrarum
909 1391 1077 1446 saepius
1105 1391 1360 1434 mentionem
1388 1388 1567 1434 fecisset.
1624 1390 1782 1434 Dicunt
1810 1389 2000 1444 quidem,
2048 1390 2281 1435 Homerum
2307 1390 2396 1434 sere
2424 1403 2569 1435 omnes
2596 1394 2736 1435 terras

252 1468 430 1524 antiquo
459 1471 651 1524 tempore
679 1470 870 1524 cognitas
898 1469 1193 1525 perlustrasse,
1222 1481 1303 1513 nec
1332 1468 1445 1524 quod
1473 1468 1580 1513 alias
1610 1468 1775 1513 silentio
1803 1468 2084 1524 praeterierit,
2122 1468 2229 1514 alias
2257 1470 2437 1524 parcius,
2466 1469 2574 1514 alias
2601 1468 2735 1514 fusius

253 1546 546 1603 descripserit,
590 1547 687 1591 inde
717 1548 946 1603 quidquam
976 1547 1029 1591 de
1056 1547 1190 1602 ipsius
1218 1547 1361 1602 patria
1389 1547 1536 1603 conjici
1563 1559 1709 1602 posse;
1757 1559 1855 1591 eum
1882 1547 2126 1592 necessitati
2153 1549 2321 1591 tantum
2348 1548 2563 1602 paruisse,
2607 1560 2735 1602 quam

252 1628 410 1669 natura
438 1637 580 1669 rerum
610 1628 828 1680 gestarum
855 1626 939 1681 ipsi
966 1626 1011 1669 in
1038 1625 1251 1670 narrando
1280 1625 1562 1681 imposuisset.
1621 1625 1705 1669 Sed
1731 1628 2030 1681 praeterquam
2068 1624 2182 1680 quod
2207 1625 2605 1680 periculosissimum
2634 1637 2735 1680 poe-

253 1705 328 1747 tae
354 1702 524 1757 fuisset,
554 1703 637 1748 illis
666 1704 837 1759 quidem
866 1703 1127 1759 temporibus
1156 1706 1224 1747 tot
1250 1704 1389 1759 ipsum
1420 1703 1538 1748 adire
1567 1708 1705 1748 terras
1734 1707 1779 1748 et
1805 1703 1954 1758 urbes,
2004 1716 2090 1748 non
2118 1704 2353 1759 quaeritur,
2399 1703 2500 1759 quid
2526 1701 2619 1748 fieri
2646 1716 2739 1759 po-

253 1781 448 1834 tuerit,
498 1781 575 1824 sed
603 1782 706 1836 quid
733 1781 892 1827 factum
921 1794 1016 1826 esse
1058 1781 1356 1825 verisimile
1394 1782 1477 1825 sit.
1535 1782 1631 1826 Huc
1658 1781 1831 1836 accedit,
1870 1782 1983 1837 quod
2010 1781 2221 1826 interdum
2248 1786 2378 1837 poeta
2405 1782 2589 1837 patriam
2617 1794 2738 1826 suam

253 1858 437 1914 prodere
464 1859 643 1903 videtur.
701 1860 965 1905 Artemidem
994 1860 1163 1915 quidem
1194 1860 1383 1915 depingit
1410 1864 1633 1904 venantem
1670 1861 1715 1903 in
1742 1860 2020 1916 Peloponnesi
2055 1860 2268 1905 montibus
2278 1860 2334 1916 θ),
2379 1872 2635 1916 quamquam
2663 1872 2739 1905 no-

256 1938 470 1981 tissimum
500 1941 580 1991 est,
610 1951 705 1981 eam
734 1939 778 1982 in
807 1939 1049 1983 civitatibus
1079 1939 1228 1983 Joniae
1257 1939 1438 1982 maxime
1468 1939 1624 1983 cultam
1654 1951 1749 1983 esse
1763 1938 1806 1995 ⁷).
1863 1939 1985 1983 Alter
2012 1939 2128 1984 locus
2157 1942 2224 1983 est
2253 1937 2430 1984 difficilis
2457 1939 2528 1984 ille
2557 1938 2634 1983 Od.
2663 1938 2737 1994 IX,

407 2164 436 2208 ¹)
458 2163 665 2206 πολυδίψιον
693 2158 819 2209 ’Ἄργος
852 2164 891 2198 n
914 2164 987 2203 IV,
1014 2163 1089 2197 171.
1138 2160 1323 2207 ἱππόβοτον
1362 2165 1424 2197 Od.
1448 2164 1518 2204 IV,
1544 2164 1597 2198 99.
1622 2164 1707 2203 XV,
1732 2163 1808 2198 239.
1833 2164 1910 2197 274.
1946 2163 1986 2196 11.
2011 2163 2064 2203 11,
2089 2163 2166 2198 287.
2206 2163 2274 2204 ΙΧ,
2298 2162 2375 2198 246.
2418 2158 2538 2209 ’Ἀρ-χεῖ
2556 2158 2736 2210 πολυπύρῳ

458 2219 500 2254 Π.
522 2219 605 2259 XV,
629 2219 708 2253 372.

403 2289 432 2332 ²)
455 2281 643 2333 εὗρνάγυια
666 2282 813 2330 Μυκήνη
843 2288 884 2321 11.
907 2289 977 2327 IV,
1002 2288 1055 2322 52.
1104 2283 1335 2333 πολυχρύσοιο
1360 2283 1524 2330 Μυκήνης
1557 2287 1596 2320 Il.
1620 2287 1710 2342 VII,
1736 2287 1812 2320 180.
1845 2287 1913 2327 XI,
1936 2286 1992 2321 46.
2027 2287 2089 2321 od.
2112 2287 2176 2327 111,
2200 2287 2278 2321 305.
2318 2287 2506 2332 ἰῦιιτίμενον
2528 2286 2738 2334 πτολίεθρον

456 2343 498 2377 11.
521 2343 577 2383 Π,
601 2342 679 2380 569.

404 2411 434 2456 ³)
456 2410 717 2456 Λακεδαίμονος
741 2409 911 2458 ἐρατεινῆς
933 2411 973 2445 11.
995 2410 1068 2451 III,
1091 2410 1170 2446 239.
1193 2411 1272 2446 443.
1319 2411 1432 2454 κοίλην
1454 2411 1704 2455 Λακεδαίμονα
1726 2407 1920 2455 κητώεσσαν
1942 2413 1982 2445 11.
2005 2412 2059 2451 11,
2084 2412 2160 2445 581.
2185 2412 2247 2446 od.
2271 2412 2346 2451 IV,
2372 2413 2402 2444 1.
2450 2406 2638 2456 εῧρύχορον
2673 2410 2736 2443 Οᾱ.
2798 2460 2801 2463 Ι

459 2466 555 2509 ml,
577 2468 654 2503 414.
678 2467 756 2509 XV,
781 2468 812 2502 1.
858 2461 1004 2515 Σπάρτῃ
1027 2461 1144 2515 εὗρείῃ
1166 2466 1229 2504 Od.
1251 2466 1312 2509 XI,
1335 2466 1413 2503 460.
1461 2462 1626 2515 Σπάρτην
1648 2462 1891 2514 καλλιγύναικα
1926 2467 1989 2503 Od-
2011 2467 2109 2509 XIII,
2130 2466 2209 2504 412.

403 2536 434 2577 ⁴)
457 2531 562 2577 Πύλῳ
585 2531 723 2581 ἠγαθέῃ
745 2536 785 2568 11.
808 2536 837 2574 Ι,
861 2535 939 2567 252.
963 2536 1026 2568 Od.
1049 2535 1096 2574 Π,
1119 2533 1197 2569 308.
1221 2535 1285 2575 IV,
1309 2534 1386 2569 599.
1409 2535 1488 2569 702.
1514 2540 1577 2569 etc.
1634 2531 1758 2569 Πύλου
1780 2530 2003 2583 ἠμαθόεντος
2025 2536 2065 2570 Il.
2088 2535 2136 2578 II,
2159 2535 2215 2571 77.
2240 2535 2302 2570 Od.
2326 2534 2373 2577 II,
2396 2534 2474 2571 326.
2498 2534 2561 2577 IV,
2577 2533 2654 2571 633.
2672 2539 2736 2571 etc.

460 2586 567 2635 Πύλῳ
591 2593 659 2632 ἔνι,
682 2595 802 2639 μητέρι
824 2587 941 2637 μήλων
963 2593 1026 2626 Od.
1048 2593 1126 2632 XV,
1149 2592 1227 2626 226.
1276 2588 1396 2627 Πύλου
1420 2590 1502 2626 αῐπύ
1524 2593 1735 2639 πτολίεθρον
1756 2594 1819 2626 0⁴1.
1842 2594 1907 2633 111,
1929 2594 2008 2626 485.
2031 2594 2109 2634 XV,
2134 2593 2210 2627 193.

404 2659 435 2707 θ)
451 2653 558 2706 ’Ὑδης
581 2660 613 2695 ἰν
635 2661 727 2696 πίονι
750 2655 845 2708 δήμῳ
868 2660 908 2697 Il.
931 2660 1005 2703 XX,
1028 2660 1108 2698 385.
1132 2659 1337 2709 Καῦοτρίου
1368 2654 1459 2709 ἀμφὶ
1483 2659 1629 2708 ῥέεθρα.
1653 2661 1694 2697 11.
1718 2661 1764 2703 Π,
1779 2661 1858 2698 460.
1904 2662 1980 2697 Nisi
2001 2663 2088 2697 forte
2112 2663 2167 2697 hic
2189 2664 2285 2697 locus
2308 2668 2402 2697 totus
2425 2663 2468 2696 Jo
2468 2664 2544 2695 nico
2566 2663 2691 2703 rsohap
2671 2661 2736 2693 odo

460 2719 613 2750 debetur.

401 2787 894 2830 ⁶)0d.V1‚102⁸qq.„o‘o’q
918 2784 951 2820 δ’
969 2784 1072 2833 Agar
1070 2799 1167 2832 μιςε
1170 2788 1219 2820 lm
1243 2799 1305 2819 κατ
1340 2783 1438 2836 οὔορε
1440 2798 1492 2826 ςι
1483 2788 1580 2831 οχέα
1585 2798 1660 2835 ιρα,
1684 2782 1709 2831 ἢ
1731 2785 1819 2821 κατὰ
1849 2784 2014 2835 Τηΰγετον
2048 2784 2272 2837 περιμήκετον
2303 2783 2327 2834 ἢ
2346 2783 2587 2837 Ἐρύμανθον,
2611 2795 2736 2833 τερπο-

456 2845 540 2889 μένη
564 2854 677 2889 καπρο
680 2855 728 2876 ισι
750 2843 810 2877 καὶ
833 2838 881 2876 cix
863 2846 952 2889 κεῃςί
975 2839 1163 2889 ἐλάφοισιν.

402 2911 431 2957 ⁷)
455 2912 497 2947 cf.
520 2910 562 2946 Β.
587 2910 761 2946 Thiersch.
784 2912 807 2945 1.
831 2912 853 2945 l.
875 2924 908 2956 p.
932 2912 1001 2948 289
1024 2925 1101 2976 σος.)
1144 2911 1242 2953 Quae
1271 2913 1327 2946 ied
1309 2925 1362 2946 em
1384 2915 1431 2947 ibi
1455 2915 1608 2956 disputat
1639 2915 1682 2948 de
1712 2915 1774 2948 Od-
1798 2915 1868 2953 111,
1893 2916 1934 2947 1:
1978 2912 2116 2953 Ηέλιος
2149 2908 2182 2948 δ
2213 2910 2320 2958 ἆνόρο
2301 2924 2379 2946 ουσ
2402 2909 2509 2945 λιπὼν
2529 2913 2734 2958 περικαλλέα

458 2969 576 3014 λίμνην
599 2972 635 3003 et
656 2967 696 3002 11.
720 2968 766 3009 V,
789 2968 811 3002 5
836 2978 884 3014 sq.
922 2963 1057 3017 ,,ἇστέρ’
1082 2963 1240 3017 ὀπωρινῷ
1265 2969 1468 3015 ἐναλίγκιον,
1505 2965 1585 3005 ὅστε
1608 2964 1761 3015 μάλιστα
1784 2966 1941 3018 λαμπρὸν
1970 2972 2190 3019 παμφαίνῃσι
2211 2970 2407 3016 λελουμένος
2431 2964 2631 3004 Ὠκεανοῖο“
2668 2979 2737 3002 non

457 3026 633 3059 audienda
655 3030 746 3065 sunt,
771 3036 874 3070 quum
899 3032 934 3060 et
956 3028 1008 3060 sol
1031 3032 1067 3061 et
1090 3031 1227 3061 ceterae
1252 3028 1373 3061 stellae
1398 3038 1440 3062 ex
1463 3028 1605 3062 Homeri
1629 3029 1800 3063 sententia
1823 3038 1866 3064 ex
1878 3028 2014 3064 Oceano
2046 3032 2198 3074 surgant,
2221 3030 2333 3074 imago
2356 3032 2473 3063 autem
2497 3037 2539 3063 ex
2561 3027 2646 3061 mari
2661 3036 2735 3061 snr-
2772 3067 2782 3071 ἢ

457 3085 569 3127 gentis
593 3084 717 3117 stenae
740 3093 810 3116 non
833 3086 944 3118 minus
967 3086 1002 3118 in
1023 3087 1124 3126 Asia,
1157 3095 1259 3129 quam
1282 3086 1317 3118 in
1340 3085 1476 3129 Europa
1498 3086 1667 3120 habitanti
1689 3091 1812 3130 poetae
1837 3086 1953 3120 deberi
1975 3088 2092 3130 possit.
2138 3085 2217 3120 Non
2239 3088 2350 3120 minus
2373 3090 2496 3130 arguta
2518 3090 2615 3125 sunt,
2646 3094 2735 3128 quae

457 3140 676 3176 Thiersehius
701 3140 744 3174 da
768 3141 858 3175 Ossa
881 3146 917 3175 et
938 3141 1034 3176 Pelio
1059 3142 1203 3186 Olympo
1227 3143 1333 3175 monti
1355 3144 1521 3187 impositis
1557 3144 1636 3187 (od.
1659 3143 1726 3184 XI,
1750 3143 1849 3188 315),
1892 3144 1934 3178 de
1957 3154 2041 3178 voce
2067 3138 2189 3183 ἄστεος
2223 3143 2276 3188 (Π.
2300 3142 2372 3184 ΠΙ,
2398 3143 2480 3189 140)
2514 3147 2549 3177 et
2573 3143 2616 3176 de
2638 3143 2735 3182 mari,

458 3197 549 3241 quod
570 3192 654 3244 ὑπὲρ
678 3192 819 3244 Κρήτης
842 3198 945 3232 situm
970 3198 1092 3233 dicitur
1115 3199 1192 3244 (Od.
1215 3198 1310 3239 XIV,
1333 3199 1417 3245 300)
1441 3201 1602 3245 disputat.
