3008 3711
237 245 359 278 mum
385 231 431 277 in
459 244 535 277 eas
563 235 703 277 terras
731 235 777 275 et
803 230 966 280 insulas
994 230 1316 287 deducerentur,
1345 232 1390 277 in
1417 230 1573 287 quibus
1599 231 1834 278 Homerum
1860 233 2020 280 vixisse
2034 235 2175 292 ajunt.
2230 234 2392 280 Dicunt
2417 233 2602 290 qinom,
2636 238 2738 282 eam‘

241 311 428 357 divinam
455 311 632 357 Homeri
674 313 814 355 artem
841 310 1055 366 poeticam
1097 323 1215 367 esse,
1262 315 1314 356 ut
1353 312 1398 355 in
1424 311 1500 355 illa
1534 314 1750 368 tempora,
1788 324 1900 383 quae
1927 314 2062 369 canit,
2103 316 2249 359 mente
2275 326 2356 359 sua
2382 312 2491 358 adeo
2517 314 2567 364 ss
2591 316 2737 360 totum

239 389 474 434 nansferre
502 375 704 445 potuerit,
733 392 785 433 ut
811 401 968 444 rerum,
998 401 1111 445 quae
1137 393 1290 446 postea
1317 392 1466 446 gestae
1493 393 1630 445 erant,
1657 390 1818 436 nullam
1847 391 2018 438 omnino
2044 393 2320 442 mentionem·
2327 391 2499 438 {acuet-
2555 392 2679 437 Fieri
2686 391 2733 436 id

239 469 410 514 omnino
438 480 619 523 posse,
650 467 847 521 concedo,
877 467 932 511 ab
960 468 1185 512 Homero
1212 467 1305 513 fieri
1331 468 1535 523 potuisse,
1563 480 1685 525 nego,
1715 469 1836 541 cuius
1863 470 2006 525 poesis
2035 473 2130 515 arte
2158 461 2328 526 quidem
2354 483 2440 516 non
2467 474 2635 532 cereata
2654 471 2732 516 sed

240 559 293 592 ea
321 546 503 602 simplici
531 549 577 591 et
603 546 660 590 ab
688 544 869 590 artificio
897 546 1048 590 aliena.
1108 546 1246 600 Quam
1273 558 1403 603 grave
1430 549 1575 591 autem
1611 545 1717 591 illud
1752 551 2051 604 argumentum
2087 549 2164 603 sit,
2213 549 2328 605 quod
2354 550 2565 596 Homerus
2591 549 2731 595 nullas

238 636 310 669 res
340 625 498 670 seriore
526 627 718 678 tempore
746 626 893 679 gestas
916 624 1089 680 attigit,
1136 625 1168 669 ii
1195 625 1279 680 ipsi
1306 624 1502 668 videntur
1528 624 1798 680 intellexisse,
1848 626 1923 682 qui
1950 626 2243 671 demonstrare
2279 627 2420 673 conati
2447 631 2568 683 mt,
2616 627 2731 684 apud
2803 620 2825 642 ⁸

237 703 473 750 Homerum
516 705 661 747 tamen
701 702 904 748 nonnulla
945 703 1129 760 vestigia
1171 703 1340 749 serioris
1382 703 1586 759 temporis
1628 704 1816 750 inveniri.
1875 703 1946 751 Sic
1981 704 2074 761 Jam
2101 704 2261 752 dudum
2302 694 2408 752 nota
2441 706 2516 752 illa
2548 705 2732 753 formula

239 782 348 834 „0501
374 786 445 826 niv
471 781 619 839 βροτοί
642 780 768 826 eim-‘⁴
796 781 865 825 usi
894 785 1008 835 sunt,
1036 784 1088 826 ut
1115 783 1347 827 Homerum
1375 782 1538 836 aliquot
1567 785 1684 827 certe
1712 782 1893 846 saeculis
1920 786 2021 837 post
2048 795 2123 828 eas
2150 795 2233 838 res,
2264 796 2372 840 quas
2399 786 2601 840 narravit,
2629 798 2729 841 pro·

235 860 393 905 barent
418 860 596 913 vin‘sse3
640 862 762 904 tanto
791 859 904 903 enim
933 858 1105 904 demum
1135 860 1273 915 spatio
1301 859 1505 914 temporis
1542 863 1691 905 exacto
1718 864 1891 916 poetam
1920 860 2104 916 aliquem
2133 861 2274 907 dicere
2300 864 2512 918 potuisse,
2542 864 2608 909 sui
2636 864 2730 910 aevi

236 939 431 984 homines
460 939 515 984 ab
544 939 617 993 iis,
667 938 720 982 de
749 937 903 993 quibus
932 943 1102 994 narrat,
1146 940 1254 984 adeo
1282 938 1440 983 viribus
1469 942 1693 994 superatos
1721 951 1837 993 esse,
1881 942 1931 983 ut
1958 952 2055 984 cum
2083 940 2136 985 iis
2165 942 2404 997 comparari
2430 955 2516 987 non
2542 946 2728 999 possent.

238 1018 324 1064 Sed
361 1019 434 1074 qui
469 1031 520 1062 ex
561 1017 636 1062 ina
663 1015 846 1062 formula
889 1017 996 1062 talia
1031 1017 1213 1074 probare
1254 1017 1496 1072 voluenmt,
1544 1030 1617 1063 eos
1654 1017 1702 1062 Il.
1731 1017 1772 1071 Ι,
1802 1019 1908 1062 2⁷1:
1966 1018 2154 1071 9,κειίνοισι
2183 1020 2216 1065 δ’
2249 1017 2299 1065 ἂν
2327 1019 2440 1072 οὔτις
2466 1025 2560 1076 τῶν,
2590 1023 2629 1068 οἳ
2657 1025 2727 1068 νῦν

236 1098 383 1156 βροτοί
405 1097 504 1141 εἰσιν
533 1095 783 1154 ἐπιχθόνιοι,
820 1097 1038 1154 μαχέοιτο*ι
1086 1100 1162 1140 aut
1189 1095 1347 1151 fugisse
1375 1099 1453 1140 aut
1479 1109 1564 1140 non
1593 1108 1720 1141 curae
1747 1096 1914 1140 videtur
1941 1083 2083 1141 fuisse.
2139 1097 2230 1142 Illis
2265 1099 2376 1142 enim
2403 1099 2544 1145 verbis
2571 1100 2729 1146 Nestor

237 1188 366 1221 senex
392 1175 519 1229 viros,
549 1175 624 1230 qui
653 1179 804 1220 contra
832 1176 1037 1231 Trojanos
1065 1178 1268 1230 pugnant,
1297 1174 1456 1219 viribus
1485 1175 1610 1231 longe
1637 1174 1856 1220 inferiores
1883 1175 1936 1220 iis
1964 1187 2060 1220 esse
2088 1175 2203 1230 dicit,
2240 1189 2347 1232 quos
2374 1179 2419 1222 in
2445 1190 2590 1234 pugna
2619 1178 2728 1224 Cen-

235 1258 458 1298 taurorum
487 1257 533 1298 et
560 1253 842 1308 Lapitharum
885 1255 978 1309 ipse
1014 1254 1180 1309 juvenis
1219 1252 1469 1297 dimicantes
1512 1253 1676 1298 viderit.
1742 1253 1900 1307 Quodsi
1926 1254 2138 1298 Homerus
2166 1254 2392 1299 Nestorem
2420 1256 2527 1300 talia
2552 1256 2728 1311 loquen-

234 1336 325 1378 tem
352 1332 476 1386 facit‚
524 1333 658 1387 ipsius
686 1332 818 1377 verba
846 1332 995 1377 eadem
1023 1343 1222 1382 mensura
1249 1331 1428 1390 emenda
1457 1335 1578 1386 sunt,
1622 1344 1700 1378 nec
1729 1332 1958 1387 quidquam
2000 1331 2197 1387 impedit,
2236 1333 2459 1387 quominus
2489 1333 2725 1390 credamuS‚

235 1413 422 1467 poetam,
451 1410 526 1456 ubi
553 1410 628 1455 illa
655 1409 837 1455 formula
865 1410 1012 1464 utitur,
1043 1422 1070 1454 a
1096 1409 1224 1455 rebus
1253 1409 1406 1465 gestis,
1452 1421 1559 1466 quas
1587 1413 1755 1466 narrat,
1784 1418 1868 1456 non
1894 1409 2060 1466 longius
2088 1408 2294 1466 abfuisse,
2343 1422 2472 1467 quam
2499 1411 2726 1458 Nestorem

235 1502 380 1534 senem
410 1502 438 1533 a
460 1488 636 1544 juvenili
666 1501 744 1533 sua
773 1490 928 1533 aetate.
985 1487 1121 1533 Immo
1151 1488 1187 1533 si
1216 1488 1311 1543 quis
1339 1491 1511 1543 poetam
1540 1502 1718 1544 puerum
1747 1488 1874 1534 rebus
1901 1488 1984 1534 illis
2013 1488 2233 1544 aequalem
2262 1487 2392 1535 fiiisse
2421 1492 2635 1545 autumet,
2670 1503 2726 1537 ne

233 1567 280 1612 id
309 1567 479 1623 quidem
507 1566 648 1611 verbis
677 1567 772 1611 istis
801 1567 970 1611 videtur
997 1565 1133 1612 refelli
1161 1579 1299 1622 posse,
1331 1579 1460 1622 quum
1491 1568 1697 1622 sciamus,
1727 1580 1797 1622 ea,
1828 1579 1936 1623 quae
1963 1567 2084 1623 pueri
2111 1567 2304 1622 vidimus,
2334 1571 2486 1623 postea
2512 1572 2563 1613 ut
2589 1569 2724 1614 multo

233 1646 401 1702 majora
428 1646 581 1690 animis
609 1646 768 1690 nostris
798 1646 1034 1700 obversari,
1085 1649 1130 1690 et
1166 1658 1236 1690 res
1266 1659 1293 1690 a
1320 1646 1515 1701 patribus
1529 1660 1531 1662 ·
1544 1650 1690 1702 gestas
1725 1645 1813 1691 fere
1849 1646 2146 1691 miraculorum
2176 1646 2359 1702 speciem
2393 1659 2499 1702 prae
2527 1659 2574 1691 se
2600 1646 2724 1692 ferre.

233 1726 331 1771 Non
359 1725 492 1782 igitur
518 1725 567 1770 B.
599 1725 954 1770 Thierschio·hac
981 1726 1026 1769 in
1054 1738 1102 1769 re
1131 1725 1187 1769 ad
1215 1725 1584 1781 interpolationem
1625 1724 1945 1781 confugiendum
1983 1726 2133 1782 erat1).
2156 1714 2163 1721 ’
2190 1726 2333 1770 Etiam
2376 1739 2427 1771 ex
2469 1726 2516 1771 11.
2546 1727 2609 1781 II,
2638 1728 2723 1771 486

235 1805 374 1868 „haste
404 1804 445 1850 δὲ
474 1805 590 1856 κλέος
619 1806 703 1850 οἷον
733 1805 950 1862 &uotiuum-¹,
982 1804 1078 1850 οὐδέ
1103 1824 1143 1850 τι
1173 1804 1306 1862 ἴδμεν“
1356 1805 1491 1850 serius
1520 1808 1674 1861 poetae
1712 1818 1861 1850 aevum
1889 1808 2146 1861 putaverunt
2175 1805 2322 1861 conjici
2349 1818 2486 1861 posse.
2546 1806 2629 1852 Sed
2657 1806 2724 1852 his

231 1885 375 1929 verbis
403 1885 536 1929 ullam
565 1885 770 1940 temporis
800 1884 1149 1940 significationem
1177 1885 1315 1928 inesse
1344 1885 1512 1928 omnino
1540 1897 1755 1940 negamus.
1812 1885 1897 1928 Alii
1924 1884 2064 1929 verbis
2092 1885 2291 1939 Junonis‚
2336 1897 2445 1939 quae
2481 1885 2539 1928 ad
2573 1886 2723 1930 Jovem

230 1963 338 2009 facit
365 1962 414 2008 Π.
443 1963 517 2017 IV,
548 1962 601 2008 51
633 1975 725 2018 sqq.
756 1961 872 2020 „ficos
901 1961 988 2020 ἐμοὶ
1017 1969 1124 2019 τρεῖς
1152 1962 1221 2019 μὲν
1251 1962 1354 2009 πολὺ
1384 1963 1580 2020 φίλταταί
1604 1963 1678 2009 εἶσι
1708 1962 1874 2020 πόληες,
1896 1961 2043 2021 Ἀργος
2062 1981 2105 2008 τε
2132 1962 2304 2021 Σπάρτη
2340 1981 2382 2008 τε
2411 1962 2478 2009 καὶ
2508 1963 2723 2021 εὐρυάγυια

233 2042 425 2100 Μυκήνη·
455 2041 532 2094 τὰς
561 2043 789 2100 διαπέρσαι,
819 2042 875 2087 ὅτ’
909 2041 959 2087 ἄν
988 2061 1051 2088 τοι
1081 2043 1341 2101 ἀπέχθωνται
1371 2043 1462 2099 πέρι
1490 2046 1599 2100 κῆρι·
1630 2042 1738 2088 τάων
1767 2041 1883 2088 οὗτοι
1911 2042 1984 2099 ε’γώ
2010 2043 2159 2100 πρόσθ’
2193 2041 2377 2099 ἵσταμαι,
2409 2041 2501 2087 οὐδὲ
2529 2044 2722 2100 μεγαίρω·

193 2126 197 2129 ’
231 2121 341 2180 εἴπερ
369 2120 445 2180 γὰρ
475 2122 640 2179 φθονέω
670 2140 714 2167 τε
742 2121 809 2168 καὶ
839 2122 914 2168 οὐκ
944 2122 1011 2167 εἰῶ
1042 2121 1266 2180 διαπέρσαι,
1298 2122 1370 2167 οὐκ
1400 2121 1509 2168 ἀνύω
1542 2121 1755 2178 φθονέους’
1767 2124 1801 2168 “.
1830 2120 1957 2166 urbes
1985 2121 2080 2166 illas
2104 2121 2194 2177 jam
2224 2133 2395 2167 eversas
2415 2121 2470 2166 ab
2484 2120 2722 2167 Heraclidis

234 2199 466 2258 significari
493 2204 772 2257 putaverunt;
821 2213 872 2246 ac
902 2213 1005 2246 sane
1033 2201 1208 2246 ultimus
1237 2213 1404 2255 versuS‚
1451 2213 1577 2257 quem
1606 2200 1855 2256 perscripsi,
1894 2200 1933 2245 ei
1970 2199 2205 2245 sententiae
2232 2198 2366 2254 favet,
2396 2211 2474 2245 nec
2503 2202 2617 2255 erat,
2648 2211 2724 2245 cur

228 2281 278 2325 Β.
308 2280 581 2326 Thierschius
610 2280 835 2326 ridiculum
864 2279 1055 2326 futurum
1084 2279 1214 2326 fuisse
1238 2280 1472 2344 judicaret,
1523 2281 1559 2325 si
1587 2283 1717 2336 poeta
1746 2280 1955 2325 Junonem
1993 2279 2098 2324 talia
2127 2279 2335 2324 dicentem
2364 2277 2554 2333 fecisset,
2602 2281 2722 2334 post-

231 2371 362 2414 quam
388 2359 487 2403 illae
514 2359 643 2404 urbes
666 2360 757 2415 ⁸iam
787 2359 954 2404 deletae
982 2359 1172 2404 fuissent.
1231 2348 1543 2404 Tamen'facile
1573 2359 1839 2412 concedetur,
1869 2370 1947 2402 nec
1975 2357 2124 2402 deletis
2152 2357 2328 2402 urbibus
2365 2369 2472 2412 opus
2499 2357 2642 2411 fuisse,
2671 2360 2723 2401 ut

186 2464 195 2473 -
230 2441 363 2495 poeta
404 2438 498 2483 illos
546 2451 694 2483 versus
740 2451 891 2483 canere
933 2442 1091 2495 posset.
1149 2439 1297 2494 Nuper
1339 2439 1468 2483 etiam
1507 2438 1706 2484 Gisekius
1741 2438 1785 2482 in
1821 2440 2135 2494 programmate
2164 2436 2417 2482 scholastico
2444 2436 2721 2482 Rosslebiano

232 2519 290 2574 (a.
322 2518 449 2573 1859)
479 2519 660 2574 probare
691 2523 870 2563 conatus
899 2524 987 2572 est,
1038 2517 1199 2571 „videri
1236 2519 1469 2562 Homerum
1509 2530 1840 2563 commemorare
1876 2530 1946 2561 res
1974 2517 2083 2561 bello
2113 2517 2293 2572 Trojano
2321 2516 2578 2561 inferiores“.
2637 2516 2722 2561 Sed

230 2610 344 2654 quae
371 2598 562 2654 protulit,
590 2611 669 2643 nec
696 2598 824 2643 ullius
852 2598 1056 2642 momenti
1085 2601 1197 2652 sunt,
1228 2601 1273 2642 et
1300 2597 1527 2642 admodum
1557 2597 1696 2642 dubia.
1753 2597 1957 2641 Nituntur
1984 2597 2094 2641 enim
2122 2597 2304 2641 maxime
2332 2596 2511 2640 duarum
2538 2595 2720 2650 urbium,

231 2677 427 2722 Corinthi
456 2681 501 2721 et
528 2678 647 2732 Aeni,
677 2677 929 2733 nominibus,
960 2690 1070 2733 quae
1099 2678 1215 2733 apud
1233 2678 1465 2723 Homerum
1484 2678 1695 2733 leguntur,
1726 2680 1770 2721 et
1798 2677 1862 2731 iis,
1894 2687 2002 2731 quae
2031 2676 2083 2720 de
2110 2676 2283 2721 Boeotis
2312 2679 2357 2720 et
2386 2676 2574 2720 Sintibus
2592 2678 2722 2731 poeta

231 2758 549 2802 commemorat.
609 2756 726 2809 Quae
755 2769 882 2812 quam
911 2757 1023 2802 levia
1052 2757 1149 2812 sint,
1179 2756 1286 2802 libro
1314 2756 1386 2801 illo
1414 2757 1527 2802 lecto
1557 2755 1735 2811 quisque
1762 2754 1886 2800 facile
1915 2755 2078 2800 sentiet.

442 2860 603 2904 Contra
632 2860 879 2903 nonnulla
907 2859 1043 2914 apud
1071 2859 1345 2902 Homerum
1374 2859 1728 2911 inveniuntur,
1760 2871 1888 2912 quae
1919 2858 1961 2902 si
1997 2857 2047 2901 in
2076 2856 2230 2902 Jonia
2258 2855 2419 2900 multo
2448 2857 2568 2910 post
2596 2854 2720 2899 Tro-

222 2940 334 2995 jam
378 2940 604 2983 excisam
649 2939 889 2992 vixisset,
939 2953 1049 2984 eum
1087 2953 1185 2982 non
1221 2939 1541 2992 scripturum
1578 2936 1742 2982 fuisse
1772 2941 2000 2992 apparet.
2059 2938 2156 2981 Huc
2184 2950 2269 2981 non
2295 2934 2432 2980 refero
2461 2947 2596 2990 nugas
2624 2934 2721 2979 illas

227 3021 422 3062 veterum
450 3018 845 3073 grammaticonun‚
891 3030 997 3072 quas
1036 3017 1195 3062 scholia
1224 3017 1281 3060 ad
1308 3017 1472 3061 initium
1510 3016 1607 3060 libri
1634 3016 1717 3060 XII
1745 3016 1889 3060 Iliadis
1920 3020 2205 3061 servaverunt.
2263 3014 2327 3059 Ibi
2358 3027 2486 3070 quum
2512 3012 2723 3059 Poseidon

382 3247 409 3290 ¹)
433 3246 500 3278 vid.
525 3245 565 3278 B.
590 3245 829 3279 Thierschius:
863 3243 1001 3284 „Ueber
1025 3243 1086 3277 das
1110 3243 1277 3278 Zeitalt'er
1300 3244 1371 3277 und
1395 3243 1587 3278 Vaterland
1613 3243 1673 3277 des
1696 3243 1845 3277 Homeff‘
1870 3255 1901 3287 p.
1927 3244 2002 3277 142.
2029 3255 2099 3287 sqq.
