3008 3711
1355 76 1709 122 -ro—

501 223 587 268 Sed
615 223 652 268 si
680 233 809 278 supra
838 222 1030 276 d'ntimuS,
1058 222 1378 268 Homericorum
1408 223 1640 283 carmimim
1668 226 1965 280 argumentum
1983 227 2174 282 ‚angusto
2201 225 2404 281 temporis
2432 225 2572 280 spatio
2583 237 2768 272 circum-

290 301 434 355 scribi,
470 303 552 346 nisi
581 302 692 358 quod
721 302 942 346 occasione
971 301 1116 345 oblata
1143 302 1364 346 nonnullas
1392 313 1461 345 res
1491 303 1797 357 antiquioribus
1825 303 2088 358 temporibus
2114 308 2260 361 gestas
2288 307 2610 357 commemorat,
2651 305 2768 350 ideo-

291 392 387 436 que.
403 381 628 424 verisimile
656 392 763 434 esse,
792 381 1025 424 Homerum
1053 392 1137 423 non
1164 381 1299 424 multo
1327 384 1426 436 post
1453 393 1526 423 eas
1555 393 1644 434 res,
1693 393 1800 436 quas
1826 383 2029 436 narravit,
2057 383 2222 437 vixisse,
2250 384 2357 427 haec
2383 387 2531 428 nostra
2558 385 2769 430 sententia

291 460 421 502 etiam
451 458 788 511 confinnabitur,
832 458 905 501 ubi
933 458 1373 512 animadverterimus,
1418 471 1567 513 quam
1597 463 1741 502 certa
1786 463 1839 502 et
1878 460 2083 504 minime
2139 462 2357 506 obscura
2413 463 2482 505 sit
2537 461 2766 517 cognitio

290 536 507 581 omnium
537 549 708 581 earum
737 549 928 590 rerum,
959 546 1178 592 quarum
1206 538 1513 582 mentionem
1542 537 1685 581 facit.
1716 537 1843 582 Certe
1862 538 1900 582 si
1926 538 2073 583 multis
2092 540 2214 584 annis
2241 540 2308 584 vel
2327 540 2507 585 saeculis
2525 544 2624 597 post
2639 540 2766 584 vixis-

288 618 369 669 set,
399 615 587 659 futurum
615 627 699 659 non
728 618 833 668 erat,
862 618 913 658 ιιι
940 618 1030 658 tam
1059 620 1305 660 accuratam
1334 620 1378 659 et
1405 616 1544 660 vivam
1560 616 1588 671 ¹)
1619 617 1741 670 quasi
1767 616 1994 673 imaginem
2022 618 2113 672 ejus
2131 615 2338 674 temporis
2353 619 2616 674 exprimeret,
2654 616 2767 675 quod

289 695 544 739 carminibus
573 694 661 738 suis
691 694 930 738 celebravit.
988 695 1100 739 Nam
1128 699 1272 750 potest
1301 696 1467 751 quidem
1496 699 1624 751 poeta
1652 708 1716 749 ea,
1747 707 1856 750 quae
1883 696 1965 751 ipsi
1993 696 2154 740 tradita
2182 700 2294 751 sunt,
2323 697 2428 742 vivis
2457 698 2665 743 coloribus
2692 699 2765 743 de-

286 774 461 828 pingere
491 785 541 817 ac
569 773 636 816 vel
665 786 734 816 res
763 773 829 816 vel
857 773 1068 826 homines,
1113 773 1166 817 de
1196 774 1346 828 quibus
1374 774 1475 829 agit,
1504 774 1567 817 ita
1596 773 1854 828 describere,
1897 777 1948 817 ut
1989 775 2131 818 omnia
2165 775 2273 819 bene
2306 776 2419 820 inter
2447 788 2493 820 se
2520 780 2764 832 congruant,

286 863 365 895 nec
394 855 541 895 tamen
569 851 747 894 eundem
777 851 918 894 omnia
948 851 1054 895 adeo
1086 852 1255 906 cognita
1284 855 1328 895 et
1354 855 1579 906 perspecta
1606 852 1764 897 habere
1791 852 1984 906 putabis,
2032 855 2082 895 ut
2119 853 2242 906 quasi
2282 865 2484 907 praesens
2525 854 2766 899 interfuisse

285 931 339 974 iis
383 935 428 975 et
470 930 521 974 e'x
562 943 718 985 magna
760 931 903 984 aliqua
946 931 1068 985 copia
1109 944 1251 974 rerum
1294 944 1345 974 ea
1387 935 1553 974 tantum
1581 943 1775 984 promere
1803 931 2016 983 videatur,
2065 943 2176 985 quae
2204 931 2378 987 singulis
2405 932 2510 977 locis
2537 936 2640 989 apta
2668 934 2766 978 sint.

283 1009 497 1053 Homerus
526 1012 669 1052 autem
697 1021 782 1051 non
811 1021 863 1052 ea
891 1013 1072 1062 tantum,
1111 1022 1220 1063 quae
1248 1009 1303 1052 ad
1331 1021 1420 1052 rem
1449 1009 1598 1063 ipsam,
1629 996 1757 1063 quam
1786 1009 1912 1062 canit,
1942 1009 2181 1053 necessario
2209 1011 2433 1065 pertinent,
2464 1014 2662 1056 accurate
2690 1012 2763 1055 de-

281 1086 413 1150 finit,
441 1088 516 1131 sed
545 1087 791 1142 saepissime
820 1088 950 1147 etiam
979 1087 1115 1131 multa
1143 1088 1246 1140 alia,
1284 1100 1392 1141 quae
1421 1100 1524 1131 casu
1554 1088 1737 1142 quodam
1766 1099 1859 1131 sese
1888 1086 2103 1149 obferunt,
2147 1090 2306 1132 temere
2335 1092 2380 1132 et
2407 1089 2639 1144 loquaciter
2665 1103 2762 1145 per-

283 1169 467 1219 secutus,
498 1166 613 1210 ultra-
642 1178 769 1220 quam
799 1178 906 1221 opus
936 1170 1014 1219 est,
1045 1166 1233 1221 depingit
1261 1169 1305 1208 et
1333 1169 1515 1208 enarrat.
1575 1165 1658 1209 Sed
1685 1165 1845 1208 frustra
1874 1165 2138 1218 conabimur,
2181 1165 2263 1209 hoc
2290 1166 2342 1209 iis
2370 1168 2572 1222 probare,
2609 1169 2682 1223 qui
2708 1181 2764 1213 ne

280 1244 516 1288 Homerum
544 1244 687 1299 paullo
716 1248 815 1298 post
843 1244 1026 1287 excisam
1056 1244 1222 1298 TroJam
1251 1244 1403 1286 vixisse
1433 1244 1594 1296 dicant,
1625 1247 1790 1286 tantam
1819 1244 1858 1286 ei
1885 1241 2068 1298 fingendi
2104 1246 2240 1286 artem
2269 1244 2456 1288 tribuere
2482 1246 2664 1300 malu'nt,
2712 1250 2766 1291 ut

280 1335 367 1367 non
395 1323 534 1367 minus
563 1323 764 1368 vivaciter
791 1336 860 1367 res
889 1326 1100 1376 vetustas,
1149 1335 1275 1377 quam
1304 1325 1550 1377 praesentes
1589 1334 1739 1366 canere
1767 1322 1965 1377 potuerit.
2023 1321 2144 1375 Quod
2180 1335 2274 1366 cum
2303 1326 2403 1377 post
2429 1323 2644 1368 hominum
2671 1337 2771 1371 me—.

280 1403 460 1446 moriam
489 1402 593 1446 nulli
620 1406 844 1457 praeterea
873 1406 1025 1457 poetae
1055 1402 1306 1466 contigerit,
1343 1401 1551 1456 quomodo
1581 1401 1707 1445 iidem
1751 1413 1946 1445 caussam
1990 1413 2111 1445 suam
2148 1400 2391 1456 defendent,
2441 1403 2478 1446 si
2505 1416 2591 1447 non
2615 1416 2760 1458 unum,

243 1505 246 1508 ·
280 1481 357 1524 sed
384 1481 527 1536 plures
555 1485 706 1535 poetas
737 1482 924 1523 carmina
951 1481 1179 1524 Homerica
1206 1481 1356 1524 fecisse
1384 1482 1568 1535 putant?
1623 1482 1691 1524 An
1728 1481 1840 1534 quod
1883 1481 1988 1523 alias
2030 1480 2266 1523 inauditum
2309 1486 2396 1534 est,
2444 1482 2489 1524 id
2524 1482 2605 1526 hac
2640 1483 2685 1526 in
2712 1495 2760 1526 re

280 1561 407 1604 toties
437 1560 626 1604 evenisse
654 1560 879 1603 verisimile
909 1560 1019 1603 erit?
1075 1560 1118 1604 Is
1147 1573 1259 1612 vero,
1291 1560 1374 1614 qui,
1405 1563 1522 1604 certa
1551 1560 1743 1614 opinione
1771 1559 1956 1603 nondum
1985 1563 2146 1614 captus,
2176 1559 2404 1604 Homerica
2431 1560 2620 1604 carmina
2646 1561 2769 1616 lege-.

277 1639 356 1692 rit,
400 1638 616 1683 nobiscum
646 1639 820 1691 sentiet,
864 1642 1035 1693 poetam
1065 1651 1136 1691 ea,
1182 1651 1291 1693 quae
1319 1642 1505 1691 narrat,-
1532 1651 1615 1682 non
1642 1638 1831 1693 potuisse
1859 1637 2000 1682 omnia
2028 1637 2090 1681 ita
2125 1637 2252 1682 fando
2281 1639 2491 1693 accipere,
2520 1643 2570 1682 ut
2598 1639 2761 1695 aliquot

278 1718 448 1761 demum
479 1717 658 1761 saeculis
685 1721 786 1772 post
814 1717 973 1760 vixerit.
1031 1717 1166 1760 Immo
1197 1730 1292 1760 eum
1321 1717 1456 1760 multa
1484 1717 1622 1771 ipsum
1651 1717 1824 1769 vidisse,
1868 1716 2004 1760 multa
2032 1716 2086 1760 ab
2114 1716 2166 1760 iis
2196 1717 2420 1772 accepisse,
2465 1718 2538 1771 qui
2564 1717 2768 1772 viderint,

276 1808 450 1841 necesse
479 1799 557 1840 est.
616 1795 753 1848 Quam
783 1798 982 1839 accurate
1010 1795 1200 1839 homines
1230 1807 1458 1850 eorumque
1486 1795 1755 1850 cognationes
1785 1798 1829 1839 et
1856 1794 1982 1838 urbes
2012 1798 2056 1838 et
2084 1795 2233 1838 domus
2262 1798 2307 1838 et
2334 1807 2402 1840 res
2432 1799 2576 1850 gestas
2605 1800 2649 1841 et
2666 1808 2757 1840 mo—

275 1888 347 1918 res
377 1875 598 1926 describit,
636 1886 713 1917 nec
742 1874 801 1916 ibi
830 1878 1017 1926 tantum,
1047 1874 1120 1916 ubi
1148 1887 1289 1916 rerum
1319 1878 1534 1928 gestarum
1565 1873 1666 1916 ordo
1696 1873 1739 1916 id
1766 1873 1968 1927 postulat,
1998 1873 2084 1926 sed,
2122 1877 2172 1917 ut
2193 1873 2283 1928 jam
2313 1873 2416 1926 dixi,
2447 1878 2607 1918 temere
2636 1875 2758 1929 quasi

275 1958 322 1998 et
351 1966 455 1998 casu
485 1953 668 2008 quodam
698 1951 869 1996 ductus!
927 1952 1086 1996 Verum
1117 1952 1285 2006 quidem
1315 1955 1392 2005 est,
1422 1952 1622 1996 nonnulla
1650 1963 1784 2006 eaque
1811 1964 1896 1995 non
1923 1951 2032 1996 levia
2060 1951 2236 1997 obscure
2255 1951 2444 2005 tractari,
2474 1951 2518 1996 in
2546 1951 2640 1996 aliis
2660 1965 2767 1999 eum-

274 2016 357 2077 sibi
385 2045 470 2076 non
500 2035 707 2076 constare.
767 2030 836 2075 Sic
865 2031 932 2075 cui
960 2043 1044 2074 non
1071 2031 1224 2074 mirum
1253 2016 1457 2083 videatur,
1490 2030 1602 2085 quod
1629 2030 1838 2084 Penelope
1866 2030 2031 2085 regina,
2069 2034 2294 2085 postquam
2324 2030 2465 2074 Vlixes
2489 2030 2579 2085 jam
2607 2031 2761 2086 viginti

274 2124 409 2155 annos
439 2110 586 2164 abfuit,
616 2110 898 2165 pulcherrima
925 2108 1056 2153 fuisse
1085 2113 1129 2153 et
1158 2113 1224 2153 tot
1252 2109 1391 2164 procis
1421 2109 1674 2153 desiderium
1704 2109 1769 2152 sui
1796 2108 1989 2164 injecisse
2018 2121 2044 2152 a
2072 2112 2200 2163 poeta
2227 2108 2455 2152 narratur?
2504 2109 2599 2154 ‘Nec
2616 2110 2766 2154 minus.

273 2189 441 2235 difficile
479 2190 561 2234 erit
599 2189 849 2245 dijudicare,
894 2188 1103 2243 quomodo
1132 2189 1434 2244 Neoptolemus
1472 2188 1581 2232 bello
1612 2187 1792 2243 Trojano
1823 2188 2027 2232 interesse
2055 2188 2261 2243 potuerit,
2312 2200 2440 2243 quum
2468 2187 2651 2232 Achilles
2679 2188 2754 2232 ad-

271 2269 444 2312 modum
468 2269 634 2323 juvenis
663 2267 859 2322 fingatur.
917 2268 1080 2311 Helena
1123 2272 1266 2312 autem
1304 2268 1428 2311 modo
1460 2267 1656 2320 Graecis,
1701 2267 1826 2310 modo
1857 2267 2046 2320 Trojanis
2075 2266 2235 2319 favere,
2283 2267 2351 2311 hic
2388 2279 2551 2310 summo
2588 2268 2754 2311 Paridis

272 2359 418 2391 amore
446 2347 616 2400 ardere,
646 2346 730 2389 illic
757 2346 982 2401 pristinum
1011 2348 1211 2389 maritum
1240 2347 1454 2401 requirere
1482 2347 1672 2400 legimus.
1732 2345 1815 2389 Sed
1843 2345 1947 2387 talia
1975 2344 2139 2388 facilius
2168 2330 2199 2388 a*
2222 2349 2370 2399 poeta,
2408 2345 2480 2399 qui
2507 2358 2590 2388 non
2618 2346 2753 2389 multo

270 2430 372 2483 post
399 2427 569 2480 viveret,
598 2424 805 2481 proficisci
833 2429 1043 2480 poterant,
1074 2438 1202 2480 quam
1231 2425 1286 2468 ab
1316 2438 1377 2479 eo,
1409 2426 1481 2480 qui
1508 2438 1577 2468 res
1606 2428 1797 2468 vetustas
1827 2425 2010 2467 carmine
2039 2428 2276 2479 exponeret.
2333 2424 2414 2467 Hic
2442 2424 2553 2467 enim
2582 2428 2658 2467 aut
2683 2437 2752 2467 res

264 2507 357 2561 jam
386 2506 481 2559 ipsa
507 2505 621 2548 fama
648 2505 799 2547 melius
828 2503 1034 2547 formatas
1062 2505 1183 2547 nobis
1212 2505 1439 2557 retulisset,
1471 2508 1547 2547 aut
1575 2503 1781 2558 eJusmodi
1808 2516 1879 2546 res
1907 2516 2082 2546 narrare
2112 2504 2326 2556 evitasset,
2356 2503 2400 2546 in
2429 2502 2581 2557 quibus
2609 2503 2751 2557 legen-

268 2586 337 2627 tes
365 2582 488 2627 facile
516 2581 831 2626 offenderemus.
889 2582 1048 2625 Poetae
1076 2583 1207 2634 enim,
1258 2583 1294 2624 si
1322 2582 1447 2625 rebus
1477 2585 1691 2624 vetustate
1728 2581 1818 2636 jam
1856 2580 2018 2625 obrutis
2056 2581 2313 2635 scripsisset,
2344 2572 2424 2624 ¹ita
2459 2581 2645 2625 carmina
2674 2593 2752 2624 sua

268 2674 523 2716 componere
550 2661 723 2713 licebat,
766 2664 817 2704 ut
845 2661 986 2704 omnia
1014 2661 1143 2715 plana
1171 2665 1324 2704 essent.
1384 2662 1549 2705 Contra-
1571 2661 1607 2703 si
1635 2660 1777 2715 paullo
1806 2664 1905 2715 post
1940 2672 2009 2703 res
2038 2664 2181 2714 gestas
2210 2660 2333 2713 vixit,
2369 2663 2540 2714 poterat
2568 2659 2748 2714 quidem,

417 2910 444 2955 ¹)
470 2909 582 2950 Quam
613 2910 691 2942 viva
720 2909 890 2942 interdum
912 2910 1060 2942 narratio
1084 2909 1226 2942 Homeri
1251 2911 1312 2948 sit,
1347 2913 1446 2944 testis
1470 2912 1615 2943 maxime
1641 2914 1694 2943 est
1715 2910 1811 2943 locus
1834 2910 1892 2943 ille
1922 2909 1984 2943 Od.
2008 2909 2036 2949 I,
2060 2908 2129 2944 298
2154 2920 2242 2952 sqq.:
2282 2902 2327 2951 „r’J
2350 2901 2412 2940 οὗκ
2437 2901 2534 2947 ἀΐεις,
2560 2908 2632 2941 οἷον
2654 2908 2748 2947 κλέος

472 2965 594 3009 ἔλλαβε
619 2966 696 3003 δῖος
716 2960 876 3012 Ὀρέστης
897 2962 1026 3005 πάντας
1049 2962 1098 2999 ἐπ’
1125 2961 1352 3012 ἀνθρώπους,
1387 2968 1458 3001 ἐπεὶ
1486 2969 1600 3000 ἔκτανε
1624 2966 1868 3013 πατροφονῆα,
1913 2967 2092 3012 ,Αἴγισθον
2117 2962 2318 3010 δολόμητιν,
2355 2960 2393 3004 ὅς
2417 2965 2451 2998 οἱ
2474 2968 2605 3012 πατέρα
2628 2962 2748 2999 κλυτὸν

470 3024 605 3062 inm-⁶⁴,
640 3023 700 3054 ubi
724 3024 806 3065 ipsis
829 3023 929 3054 rebus
953 3024 1024 3055 fere
1047 3024 1242 3056 interfuisse
1266 3030 1403 3066 poetam
1427 3026 1596 3066 conjicias.
1642 3024 1783 3057 Omnino
1809 3026 2007 3066 saepissime
2039 3025 2179 3057 caedem
2215 3024 2479 3066 Agamemnonis
2512 3028 2547 3056 et
2581 3022 2747 3065 quomodo

470 3083 610 3114 Orestes
635 3083 726 3113 filius
752 3094 828 3114 eam
851 3082 943 3115 ultus
968 3084 1029 3120 sit,
1053 3084 1156 3123 p'oeta
1179 3089 1250 3116 tam
1274 3083 1401 3117 fervido
1427 3083 1587 3117 orationis
1611 3095 1736 3125 genere
1762 3082 1931 3127 depingit,
1967 3088 2007 3119 ut
2039 3083 2123 3119 satis
2154 3093 2274 3119 recens
2303 3082 2466 3119 memoria
2488 3080 2645 3119 facinoris
2670 3089 2746 3118 esse

467 3135 633 3174 videatur.
682 3132 732 3173 Ci.
755 3138 936 3182 praeterea
959 3133 1022 3174 Od.
1045 3134 1108 3181 III,
1135 3134 1202 3176 193
1227 3147 1297 3185 sqq.
1322 3135 1389 3174 255
1414 3147 1484 3185 sqq.
1516 3135 1575 3181 XI,
1598 3134 1791 3175 409-456.
