3008 3711
269 302 372 346 dicit
387 301 428 356 ¹).
483 302 627 347 Etiam
655 301 850 347 sasinus
876 301 1038 354 primus
1077 304 1247 353 narrat,
1279 302 1651 356 ,Agamemnonem
1684 300 1837 344 Aulide
1873 301 2133 355 Iphigeniam
2166 301 2427 354 immolasse,
2473 305 2523 344 ut
2549 303 2746 347 Artemi·

269 380 441 435 placata
466 380 682 424 secundosv
695 383 845 422 ventos
872 372 1016 432 dalet,
1044 379 1179 433 apud
1204 373 1436 422 Homessun
1464 380 1706 443 Iphigeniae
1733 392 1885 422 nomen
1912 392 1996 422 non
2023 379 2198 434 legitur,
2231 391 2318 422 una
2344 378 2526 422 filiarum
2553 381 2740 434 Aga-ruffi

268 459 434 508 mnonis
460 459 712 515 Iphianassai
738 457 998 512 nominatur,
1024 469 1156 513 ‘quae
1183 460 1374 514 tempore
1401 457 1500 503 belli
1527 458 1698 515 Troiani
1725 457 1839 502 domi
1879 458 2019 502 vivere
2061 457 2216 502 dicitur
2224 458 2279 513 2),
2326 457 2557 503 Attemidis
2591 462 2742 504 autem.

268 539 386 584 nulla
411 551 500 583 nec<
514 538 652 584 1118188
678 550 756 582 1188
781 536 976 590 placatae
1010 538 1170 585 mentio
1187 523 1193 527 ’
1209 536 1270 583 fit.
1326 538 1422 582 Huc
1456 539 1628 591 accedit,
1666 537 1780 591 quod
1807 538 2028 581 Homeruss
2045 542 2091 581 81
2116 537 2365 581 Diomedem
2393 542 2438 581 et
2464 538 2737 583 Idomeneun

270 617 410 664 salvos
443 615 488 662 in
514 615 698 671 patriam
725 613 902 661 rediisse
929 613 1032 660 dicit
1041 614 1097 671 ³),
1144 614 1244 661 dum
1281 615 1508 661 serioribus
1535 615 1689 662 fabulis
1716 615 1828 660 male
1864 614 1922 659 ibi
1949 616 2110 670 accepti
2136 619 2182 660 et
2209 629 2237 660 a
2265 615 2425 660 civibus
2452 616 2614 670 expulsi
2639 629 2737 662 esse

269 698 508 740 narrantur.
567 694 650 739 Sed
679 694 784 738 satis
812 698 938 738 erunt
963 694 1069 738 11888
1097 695 1306 749 exempla3
1344 695 1496 750 quibus
1525 697 1562 739 si
1589 695 1789 739 nonnulla
1817 695 1900 737 alia
1928 695 2147 747 addidero,
2178 707 2288 749 quae
2316 695 2373 738 ad
2400 695 2539 750 ipsam
2567 695 2735 749 expedi-

269 775 425 818 tionem
455 773 679 828 Trojffiam
707 786 790 816 non
816 773 1050 828 pertinent,
1085 776 1148 817 rut
1174 785 1248 826 ea,
1296 786 1404 827 quae
1445 774 1590 818 multis
1631 774 1734 818 locis
1771 773 1823 816 de
1851 763 2033 817 Hercule
2073 774 2282 828 leguntur,
2330 786 2440 828 quae
2468 773 2523 817 de
2550 774 2737 827 Jocaste,

270 865 397 907 quam
425 852 636 896 Homerus
662 852 890 907 Epicasten
916 852 1170 907 nominat4),
1190 852 1261 895 de
1288 852 1488 908 Niobe5),
1527 854 1630 906 alia,
1672 853 1763 907 Jam
1792 852 2034 906 apparebit,
2081 852 2269 907 ubique
2297 853 2434 907 apud
2461 853 2737 896 Homerum

268 931 677 975 vetustissimam
706 945 762 975 ac
789 931 1234 985 simplicissimam·
1256 931 1468 974 formam
1496 946 1663 975 rerum
1691 936 1954 986 gestarum
1982 932 2222 984 inveniri,
2252 931 2314 973 ab
2343 944 2504 986 eaque
2532 936 2739 974 ceteros

268 1016 451 1066 poetas
479 1015 678 1054 tantum
705 1011 964 1063 recedere,
992 1014 1050 1053 ut
1075 1014 1235 1055 multo
1262 1016 1383 1066 post
1409 1012 1553 1054 illum
1581 1012 1673 1054 hos
1702 1012 1895 1053 vixisse
1931 1022 2141 1054 necesse
2169 1011 2249 1054 sit.

379 1085 384 1089 ’
473 1091 646 1144 Restat,
674 1093 723 1133 ut
750 1089 804 1143 de
832 1101 1044 1144 sermone,
1083 1101 1167 1145 quo
1194 1090 1405 1134 Homerus
1433 1102 1535 1134 usus
1564 1093 1642 1144 est,
1671 1101 1808 1146 pauca
1837 1089 2035 1133 dicamus.
2091 1089 2222 1146 Ajunt
2249 1089 2437 1145 quidem,
2467 1101 2565 1133 eum
2592 1088 2737 1135 favere

267 1172 329 1215 illi
355 1170 558 1226 opinioni,
607 1181 692 1224 qua
718 1170 929 1213 Homerus
957 1170 1129 1214 Jonicus
1156 1172 1285 1224 poeta
1311 1168 1442 1216 fuisse
1470 1170 1674 1222 creditur,
1719 1169 1819 1223 quia
1857 1169 2036 1213 dialecto
2073 1169 2244 1213 ‚Ionicae
2280 1169 2461 1212 maxime
2490 1169 2547 1212 sit
2575 1169 2738 1213 similis.

267 1250 351 1293 Alii
379 1261 475 1294 eum
503 1248 676 1304 propius
705 1247 761 1292 ad
788 1247 1002 1292 Aeolicam
1029 1247 1217 1303 linguam
1254 1248 1452 1293 accedere
1492 1248 1595 1302 rati,
1643 1248 1860 1292 Aeolicum
1897 1250 2069 1303 poetam
2104 1247 2335 1291 Homerum
2370 1246 2501 1291 fuisse
2529 1247 2734 1293 dixerunt.

266 1328 458 1383 Denique
487 1329 620 1380 erant,
650 1326 723 1381 qui
751 1338 847 1370 eum
875 1326 1016 1371 Attico
1045 1325 1227 1371 sermoni
1256 1325 1496 1371 similiorem
1524 1339 1630 1380 esse,
1667 1338 1794 1380 quam
1823 1325 1988 1380 ceteris,
2017 1325 2214 1370 dicerent.
2271 1324 2356 1370 Sed
2390 1337 2475 1369 non
2504 1325 2740 1380 quaeritur,

267 1408 333 1452 cui
362 1407 539 1451 dialecto
569 1418 620 1449 ea
649 1406 706 1449 sit
734 1405 939 1458 similis,
969 1417 1054 1459 qua
1080 1406 1290 1449 Homerus
1318 1417 1421 1449 usus
1450 1409 1527 1458 est,
1558 1405 1634 1449 sed
1661 1417 1770 1459 quae
1798 1406 1893 1459 ipsa
1920 1405 2012 1459 ejus
2040 1404 2244 1463 dialectus
2272 1404 2468 1448 habenda
2496 1404 2563 1448 sit.
2618 1404 2737 1456 Quae

266 1498 360 1529 cum
387 1497 464 1529 nec
491 1483 635 1528 Attica
663 1483 732 1537 sit,
760 1495 837 1527 1188
865 1483 1033 1536 «1011188,
1076 1495 1153 1527 1188
1180 1482 1370 1537 Aeolica,
1414 1486 1594 1538 apparet
1620 1487 1824 1538 poetam
1854 1495 1946 1527 nec
1973 1468 2359 1535 Atheniensem,
2390 1493 2480 1526 1188
2508 1482 2736 1536 1011111111,

265 1576 356 1609 1188
384 1562 618 1608 Aeolium
646 1560 826 1616 fuisse,
875 1560 950 1606 sed
978 1564 1054 1607 aut
1082 1574 1131 1607 eo
1155 1546 1245 1618 jam
1273 1565 1464 1618 tempore
1492 1562 1664 1616 vixisse,
1695 1575 1777 1617 quo
1808 1562 2067 1608 Graecorum
2105 1574 2244 1607 sermo
2281 1560 2465 1606 nondum
2493 1561 2538 1606 in
2566 1560 2734 1606 diversa

265 1655 421 1698 genera
449 1641 611 1688 dicendi
640 1641 913 1695 discesserat,
958 1644 1033 1685 aut
1061 1641 1105 1685 in
1133 1641 1218 1686 alia
1244 1644 1382 1696 terra,
1425 1640 1499 1685 ubi
1526 1641 1692 1686 diversa
1719 1641 1773 1685 ab
1810 1641 1892 1685 illis
1921 1641 2101 1686 dialecto
2130 1641 2318 1685 homines
2347 1640 2587 1685 utebantur.
2645 1640 2735 1686 Nec

265 1721 436 1765 dubium
465 1720 567 1765 mihi
595 1723 685 1774 est,
730 1720 852 1774 quin
889 1719 1164 1764 Homerica
1193 1720 1421 1765 carmina
1448 1720 1667 1775 primum
1703 1724 1912 1764 vetusta
1940 1720 2258 1764 Achaeorum
2288 1720 2517 1764 dialecto
2547 1719 2733 1764 decan-

264 1802 376 1843 tata
406 1799 520 1843 sint.
576 1799 672 1843 Non
700 1798 810 1842 enim
839 1798 868 1841 ii
896 1797 1092 1842 audiendi
1122 1802 1239 1853 sunt,
1278 1799 1351 1853 qui
1380 1812 1455 1843 suo
1484 1800 1622 1857 epicos
1651 1803 1800 1854 poetas
1829 1812 1981 1854 genere
2009 1799 2172 1843 dicendi
2205 1811 2307 1844 usos
2335 1810 2430 1842 esse
2458 1798 2621 1851 (11811111,
2655 1811 2738 1843 1188

264 1890 315 1920 ex
343 1877 521 1921 dialecto
551 1888 695 1920 eorum
723 1876 906 1930 patriam
936 1880 1012 1919 aut
1039 1879 1228 1931 tempus,
1273 1889 1355 1930 quo
1384 1877 1581 1930 vixerint,
1617 1876 1780 1921 definiri
1807 1889 1944 1932 posse.
2002 1877 2123 1929 Quod
2152 1877 2189 1920 si
2218 1876 2444 1920 serior-ibus
2473 1875 2734 1930 temporibus

262 1955 349 2000 fere
377 1956 582 1999 usitatum
610 1953 703 2007 fuit,
732 1958 782 1997 ut
810 1967 887 1998 sua
915 1954 1064 2009 cuique
1091 1954 1310 1999 literarum
1339 1955 1482 2009 generi
1509 1955 1713 2000 dialectus
1741 1956 1912 2010 propria
1940 1959 2066 2008 esset,
2102 1955 2215 1999 idem
2244 1955 2301 1998 ad
2327 1954 2559 1998 Homerlmi
2587 1953 2736 1998 referri

262 2047 346 2077 non
374 2038 537 2088 potest;
585 2033 712 2076 immo
740 2033 851 2076 hunc
881 2046 957 2076 suo
986 2033 1127 2087 potius
1168 2034 1308 2087 patrio
1338 2047 1530 2077 sermone
1571 2047 1695 2078 usum
1724 2047 1818 2077 esse
1845 2035 2070 2077 verisimile
2098 2037 2176 2077 est.
2233 2034 2390 2076 Postea
2418 2037 2573 2086 autem,
2603 2046 2734 2086 quum

263 2125 408 2156 onmes
437 2111 543 2166 epici
567 2112 722 2166 'poetae
751 2111 976 2156 Homerica
1012 2112 1198 2156 carmina
1234 2125 1312 2166 pro
1340 2112 1498 2156 viribus
1527 2112 1685 2156 imitari
1714 2113 1952 2165 studerent,
1997 2112 2091 2166 ipsa
2118 2112 2342 2156 Homerica
2371 2111 2574 2155 dialectus
2602 2111 2735 2165 epicis

260 2191 397 2246 poetis
425 2190 597 2245 propria
624 2189 737 2234 facta
765 2194 842 2234 est.
899 2190 988 2235 Nec
1015 2190 1152 2246 magis
1179 2203 1325 2246 verum
1353 2191 1509 2235 vidisse
1537 2204 1610 2235 eos
1639 2191 1833 2245 dixerim,
1871 2191 1943 2246 qui
1970 2190 2065 2234 ideo
2093 2191 2267 2235 Homeri
2295 2189 2520 2234 dialectum
2548 2193 2594 2234 et
2621 2190 2732 2234 Aeo·

259 2270 365 2315 licae
394 2273 438 2314 81
466 2270 639 2315 Jonicae
669 2270 845 2313 similem
875 2282 968 2314 esse
996 2273 1161 2325 putant,
1192 2270 1305 2325 quod
1331 2270 1541 2314 Homerus
1572 2271 1775 2326 Smyrnae
1803 2271 1847 2314 in
1874 2270 1979 2314 urbe
2007 2270 2176 2323 vixerit,
2206 2269 2278 2314 ubi
2307 2269 2440 2322 cives,
2470 2281 2521 2312 ex
2548 2272 2732 2324 utraque

260 2352 386 2403 gente
429 2348 531 2401 orti,
580 2349 710 2392 mixto
754 2360 945 2392 sermone
972 2348 1039 2391 usi
1068 2348 1162 2392 sint.
1221 2348 1305 2392 Sed
1331 2361 1408 2394 nec
1436 2349 1544 2392 duae
1579 2349 1677 2393 illae
1713 2352 1860 2404 gentes
1903 2349 1947 2392 in
1980 2360 2107 2392 unam
2136 2348 2195 2392 ibi
2223 2347 2435 2392 civitatem
2464 2346 2734 2401 coaluerant;

259 2428 436 2482 legimus
465 2427 575 2470 enim
605 2426 782 2469 alteram
813 2426 867 2470 ab
896 2427 1031 2470 altera
1058 2429 1253 2470 vexatam
1283 2430 1328 2470 et
1356 2427 1586 2482 subjectam
1630 2432 1674 2471 et
1711 2428 1926 2482 expulsam
1965 2440 2078 2480 esse;
2126 2439 2202 2470 nec
2231 2426 2268 2470 si
2296 2426 2571 2479 coaluissent,
2619 2426 2732 2470 veri-

260 2505 394 2549 simile
437 2508 522 2558 est,
571 2505 747 2548 mixtum
790 2504 885 2548 inde
929 2504 1091 2548 dicendi
1133 2516 1264 2559 genus
1307 2506 1564 2549 exoriturum
1605 2506 1745 2549 fuisse.
1804 2506 1926 2559 Quis,
1964 2517 2142 2560 quaeso,
2190 2517 2376 2560 unquam
2405 2504 2513 2549 alias
2541 2505 2733 2549 evenisse

259 2583 438 2637 audivit,
468 2586 517 2630 111
544 2583 769 2627 mixtarmn
798 2583 984 2639 gentium
1011 2583 1168 2627 mixtus
1197 2595 1334 2628 sermo
1362 2583 1498 2629 factus
1528 2583 1612 2627 sit?
1668 2584 1818 2639 Itaque
1848 2596 2103 2639 quamquam
2139 2584 2264 2629 certis
2293 2583 2558 2638 argumentis
2585 2583 2630 2628 id
2658 2583 2734 2628 de·

409 2801 434 2843 ¹)
458 2799 497 2832 11.
521 2799 588 2838 XI,
611 2797 679 2831 766
704 2809 775 2841 sqq.

407 2870 435 2912 2)
458 2868 497 2903 11.
521 2867 587 2907 IX,
613 2868 681 2900 144
704 2878 770 2910 sq.:
802 2869 914 2912 „1954-
936 2866 977 2900 δέ
995 2867 1058 2911 μοί
1079 2866 1146 2900 εἶσι
1169 2861 1344 2913 θύγατρες
1367 2867 1413 2899 ἐνὶ
1437 2861 1572 2912 μεγάρῳ
1597 2860 1767 2910 εἶ’πήκτῳ,
1793 2862 2021 2912 Χρυσόθεμις
2044 2865 2103 2898 καὶ
2126 2865 2285 2910 Λαοδίκη
2308 2865 2368 2900 καὶ
2388 2860 2635 2913 Ἰφιάνασσα“.

404 2937 433 2980 ³)
457 2936 520 2970 Od.
543 2935 614 2976 111,
640 2935 706 2970 180
729 2946 799 2979 sqq.
847 2933 911 2969 191
933 2932 986 2978 sq.
1333 2980 1338 2985 1

405 3005 435 3048 ⁴)
458 3004 521 3037 Od.
545 3005 612 3043 XI,
648 3003 714 3037 271
741 3014 811 3046 sqq.
857 3003 930 3036 Nec
964 3003 1146 3035 liberorum
1176 3003 1360 3046 Oedipodis
1395 3003 1459 3036 hoc
1494 3004 1566 3035 loeo
1597 3005 1723 3036 mentio
1759 3003 1799 3035 fit
1834 3003 1950 3046 (immo
1976 2996 2075 3048 ἄφαρ
2098 3002 2203 3042 illud,
2228 3003 2319 3046 qnod
2341 3012 2390 3035 vs.
2413 3001 2483 3035 274
2504 3002 2640 3046 legitur,
2662 3003 2730 3035 nisi

460 3062 674 3096 artificiosius
697 3062 938 3104 interpreteris,
962 3059 1152 3104 significare
1175 3059 1320 3100 videtur,
1344 3061 1460 3094 statim
1482 3066 1560 3104 post
1581 3061 1718 3103 nuptias
1740 3060 2038 3100 necessitudinem,
2063 3070 2150 3104 qnae
2184 3061 2274 3094 inter
2295 3058 2463 3102 Oedipum
2493 3064 2532 3092 et
2565 3058 2730 3094 Jocnten

459 3120 710 3158 intercedebat,
746 3119 915 3163 cognitam
949 3118 1057 3161 esse),
1095 3128 1160 3150 1188
1183 3117 1334 3161 Oedipus
1366 3119 1481 3151 oculos
1513 3119 1574 3151 sibi
1609 3120 1683 3161 ipse
1708 3118 1864 3151 effodisse
1899 3123 1961 3150 aut
1983 3117 2111 3151 Thebis
2136 3118 2297 3161 expulsus
2331 3126 2406 3149 esse
2428 3121 2594 3150 narratur.
2640 3117 2728 3151 Item

459 3176 610 3220 Oedipus
632 3176 673 3209 11.
696 3176 823 3214 xxm,
846 3174 923 3209 679.
971 3175 1096 3208 Thebis
1119 3176 1154 3208 in
1176 3176 1252 3218 ipsa
1274 3176 1358 3209 urbe
1381 3180 1533 3209 mortuus
1557 3180 1593 3208 et
1616 3177 1770 3219 sepultus
1795 3186 1870 3209 esse
1895 3176 2027 3209 dicitur.

405 3247 433 3290 ⁵)
456 3245 496 3278 11.
519 3244 651 3284 XXIV,
686 3243 870 3279 602—17.
916 3244 992 3277 Hoc
1016 3245 1051 3277 in
1073 3244 1146 3277 loco
1171 3250 1331 3288 quattuor
1353 3245 1463 3278 ultimi
1492 3255 1608 3277 versus
1633 3246 1737 3288 spurii
1759 3245 1916 3277 videntur
1939 3254 2035 3284 esse,
2071 3250 2108 3278 et
2131 3245 2209 3289 quia
2232 3245 2345 3277 versui
2367 3242 2435 3277 602
2460 3248 2496 3277 et
2518 3242 2587 3277 613
2608 3253 2728 3286 pamm

458 3303 673 3346 respondent,
698 3308 734 3337 et
757 3305 836 3346 quia
859 3308 971 3346 poeta,
995 3313 1097 3355 versu
1118 3301 1187 3336 613
1211 3302 1256 3336 ad
1278 3304 1411 3336 initium
1433 3303 1580 3342 rediens,
1605 3308 1684 3346 apte
1708 3308 1815 3335 totam
1839 3313 1911 3336 rem
1934 3303 2116 3336 concludit.
