<?xml version="1.0" encoding="UTF-8"?>
<!DOCTYPE html PUBLIC "-//W3C//DTD XHTML 1.0 Transitional//EN"
    "http://www.w3.org/TR/xhtml1/DTD/xhtml1-transitional.dtd">
<html xmlns="http://www.w3.org/1999/xhtml" xml:lang="en" lang="en">
 <head>
  <title>
</title>
<meta http-equiv="Content-Type" content="text/html;charset=utf-8" />
  <meta name='ocr-system' content='tesseract 3.04.00' />
  <meta name='ocr-capabilities' content='ocr_page ocr_carea ocr_par ocr_line ocrx_word'/>
</head>
<body>
  <div class='ocr_page' id='page_1' title='image "4766164_0024.png"; bbox 0 0 3008 3711; ppageno 0'>
   <div class='ocr_carea' id='block_1_1' title="bbox 1296 82 1648 130">
    <p class='ocr_par' dir='ltr' id='par_1_1' title="bbox 1296 82 1648 130">
     <span class='ocr_line' id='line_1_1' title="bbox 1296 82 1648 130; baseline 0.006 -14"><span class='ocrx_word' id='word_1_1' title='bbox 1296 82 1648 130; x_wconf 63' lang='grc' dir='ltr'>..ις-</span> 
     </span>
    </p>
   </div>
   <div class='ocr_carea' id='block_1_2' title="bbox 213 230 2713 3033">
    <p class='ocr_par' dir='ltr' id='par_1_2' title="bbox 221 230 2713 680">
     <span class='ocr_line' id='line_1_2' title="bbox 221 230 2713 288; baseline 0 -12"><span class='ocrx_word' id='word_1_2' title='bbox 221 231 453 276; x_wconf 85' lang='lat' dir='ltr'><strong>monstrari</strong></span> <span class='ocrx_word' id='word_1_3' title='bbox 479 231 650 286; x_wconf 88' lang='lat' dir='ltr'><strong>nequit,</strong></span> <span class='ocrx_word' id='word_1_4' title='bbox 697 231 952 285; x_wconf 87' lang='lat' dir='ltr'><strong>praesertim</strong></span> <span class='ocrx_word' id='word_1_5' title='bbox 990 243 1119 285; x_wconf 89' lang='lat' dir='ltr'><strong>quum</strong></span> <span class='ocrx_word' id='word_1_6' title='bbox 1162 243 1217 274; x_wconf 93' lang='lat' dir='ltr'><strong>ne</strong></span> <span class='ocrx_word' id='word_1_7' title='bbox 1259 230 1487 275; x_wconf 88' lang='lat' dir='ltr'><strong>serioribus</strong></span> <span class='ocrx_word' id='word_1_8' title='bbox 1525 232 1695 286; x_wconf 89' lang='lat' dir='ltr'><strong>quidem</strong></span> <span class='ocrx_word' id='word_1_9' title='bbox 1730 232 1993 287; x_wconf 79' lang='lat' dir='ltr'><strong>temporibus</strong></span> <span class='ocrx_word' id='word_1_10' title='bbox 2027 233 2102 288; x_wconf 89' lang='lat' dir='ltr'><strong>qui</strong></span> <span class='ocrx_word' id='word_1_11' title='bbox 2138 243 2278 277; x_wconf 85' lang='lat' dir='ltr'><strong>sermo</strong></span> <span class='ocrx_word' id='word_1_12' title='bbox 2307 231 2487 277; x_wconf 73' lang='lat' dir='ltr'><strong>Achaeis</strong></span> <span class='ocrx_word' id='word_1_13' title='bbox 2514 233 2713 288; x_wconf 84' lang='lat' dir='ltr'><strong>proprius</strong></span> 
     </span>
     <span class='ocr_line' id='line_1_3' title="bbox 221 297 2712 364; baseline 0.001 -11"><span class='ocrx_word' id='word_1_14' title='bbox 221 308 373 363; x_wconf 84' lang='lat' dir='ltr'><strong>fuerit,</strong></span> <span class='ocrx_word' id='word_1_15' title='bbox 420 308 543 353; x_wconf 90' lang='lat' dir='ltr'><strong>nobis</strong></span> <span class='ocrx_word' id='word_1_16' title='bbox 570 309 629 352; x_wconf 87' lang='lat' dir='ltr'><strong>sit</strong></span> <span class='ocrx_word' id='word_1_17' title='bbox 655 307 883 362; x_wconf 87' lang='lat' dir='ltr'><strong>traditum,</strong></span> <span class='ocrx_word' id='word_1_18' title='bbox 932 310 1078 353; x_wconf 86' lang='lat' dir='ltr'><strong>tamen</strong></span> <span class='ocrx_word' id='word_1_19' title='bbox 1103 308 1209 353; x_wconf 91' lang='lat' dir='ltr'><strong>mihi</strong></span> <span class='ocrx_word' id='word_1_20' title='bbox 1245 320 1329 353; x_wconf 90' lang='lat' dir='ltr'><strong>non</strong></span> <span class='ocrx_word' id='word_1_21' title='bbox 1356 308 1531 354; x_wconf 88' lang='lat' dir='ltr'><strong>dubium</strong></span> <span class='ocrx_word' id='word_1_22' title='bbox 1559 297 1647 362; x_wconf 57' lang='lat' dir='ltr'><strong>est,</strong></span> <span class='ocrx_word' id='word_1_23' title='bbox 1696 308 1798 364; x_wconf 89' lang='lat' dir='ltr'><strong>quin</strong></span> <span class='ocrx_word' id='word_1_24' title='bbox 1839 309 2092 356; x_wconf 82' lang='lat' dir='ltr'><strong>Homerus</strong></span> <span class='ocrx_word' id='word_1_25' title='bbox 2137 313 2348 355; x_wconf 83' lang='lat' dir='ltr'><strong>vetusta</strong></span> <span class='ocrx_word' id='word_1_26' title='bbox 2389 307 2712 355; x_wconf 73' lang='lat' dir='ltr'><strong>Achaeorum</strong></span> 
     </span>
     <span class='ocr_line' id='line_1_4' title="bbox 223 385 2711 444; baseline 0 -12"><span class='ocrx_word' id='word_1_27' title='bbox 223 387 454 432; x_wconf 87' lang='lat' dir='ltr'><strong>dialecto</strong></span> <span class='ocrx_word' id='word_1_28' title='bbox 482 386 711 432; x_wconf 90' lang='lat' dir='ltr'><strong>carmina</strong></span> <span class='ocrx_word' id='word_1_29' title='bbox 740 398 833 431; x_wconf 91' lang='lat' dir='ltr'><strong>sua</strong></span> <span class='ocrx_word' id='word_1_30' title='bbox 861 386 983 431; x_wconf 92' lang='lat' dir='ltr'><strong>olim</strong></span> <span class='ocrx_word' id='word_1_31' title='bbox 1012 387 1384 432; x_wconf 78' lang='lat' dir='ltr'><strong>decantaverit.</strong></span> <span class='ocrx_word' id='word_1_32' title='bbox 1441 387 1599 433; x_wconf 82' lang='lat' dir='ltr'><strong>Postea</strong></span> <span class='ocrx_word' id='word_1_33' title='bbox 1624 386 1818 443; x_wconf 89' lang='lat' dir='ltr'><strong>quidem,</strong></span> <span class='ocrx_word' id='word_1_34' title='bbox 1867 399 1998 444; x_wconf 89' lang='lat' dir='ltr'><strong>quum</strong></span> <span class='ocrx_word' id='word_1_35' title='bbox 2033 388 2216 434; x_wconf 83' lang='lat' dir='ltr'><strong>maxime</strong></span> <span class='ocrx_word' id='word_1_36' title='bbox 2251 386 2307 433; x_wconf 87' lang='lat' dir='ltr'><strong>ab</strong></span> <span class='ocrx_word' id='word_1_37' title='bbox 2342 385 2522 434; x_wconf 81' lang='lat' dir='ltr'><strong>Jonibus</strong></span> <span class='ocrx_word' id='word_1_38' title='bbox 2556 386 2711 433; x_wconf 82' lang='lat' dir='ltr'><strong>recita-</strong></span> 
     </span>
     <span class='ocr_line' id='line_1_5' title="bbox 222 463 2710 521; baseline 0 -11"><span class='ocrx_word' id='word_1_39' title='bbox 222 469 383 519; x_wconf 85' lang='lat' dir='ltr'><strong>rentur,</strong></span> <span class='ocrx_word' id='word_1_40' title='bbox 412 463 507 509; x_wconf 84' lang='lat' dir='ltr'><strong>fieri</strong></span> <span class='ocrx_word' id='word_1_41' title='bbox 534 477 618 510; x_wconf 91' lang='lat' dir='ltr'><strong>non</strong></span> <span class='ocrx_word' id='word_1_42' title='bbox 646 464 807 521; x_wconf 76' lang='lat' dir='ltr'><strong>potuit,</strong></span> <span class='ocrx_word' id='word_1_43' title='bbox 852 465 953 520; x_wconf 93' lang='lat' dir='ltr'><strong>quin</strong></span> <span class='ocrx_word' id='word_1_44' title='bbox 981 477 1121 510; x_wconf 90' lang='lat' dir='ltr'><strong>sermo</strong></span> <span class='ocrx_word' id='word_1_45' title='bbox 1150 465 1195 510; x_wconf 89' lang='lat' dir='ltr'><strong>in</strong></span> <span class='ocrx_word' id='word_1_46' title='bbox 1222 466 1313 510; x_wconf 89' lang='lat' dir='ltr'><strong>dies</strong></span> <span class='ocrx_word' id='word_1_47' title='bbox 1341 466 1515 521; x_wconf 90' lang='lat' dir='ltr'><strong>propius</strong></span> <span class='ocrx_word' id='word_1_48' title='bbox 1552 466 1608 511; x_wconf 88' lang='lat' dir='ltr'><strong>ad</strong></span> <span class='ocrx_word' id='word_1_49' title='bbox 1636 465 1829 511; x_wconf 87' lang='lat' dir='ltr'><strong>Jonicam</strong></span> <span class='ocrx_word' id='word_1_50' title='bbox 1857 465 2085 512; x_wconf 70' lang='lat' dir='ltr'><strong>dialectum</strong></span> <span class='ocrx_word' id='word_1_51' title='bbox 2112 467 2344 512; x_wconf 76' lang='lat' dir='ltr'><strong>accederet.</strong></span> <span class='ocrx_word' id='word_1_52' title='bbox 2400 465 2538 511; x_wconf 80' lang='lat' dir='ltr'><strong>Multa</strong></span> <span class='ocrx_word' id='word_1_53' title='bbox 2566 468 2710 510; x_wconf 79' lang='lat' dir='ltr'><strong>autem</strong></span> 
     </span>
     <span class='ocr_line' id='line_1_6' title="bbox 222 543 2710 604; baseline 0 -15"><span class='ocrx_word' id='word_1_54' title='bbox 222 544 267 590; x_wconf 91' lang='lat' dir='ltr'><strong>in</strong></span> <span class='ocrx_word' id='word_1_55' title='bbox 293 543 438 590; x_wconf 86' lang='lat' dir='ltr'><strong>verbis</strong></span> <span class='ocrx_word' id='word_1_56' title='bbox 475 557 527 590; x_wconf 91' lang='lat' dir='ltr'><strong>ac</strong></span> <span class='ocrx_word' id='word_1_57' title='bbox 568 543 716 590; x_wconf 77' lang='lat' dir='ltr'><strong>formis</strong></span> <span class='ocrx_word' id='word_1_58' title='bbox 752 546 920 589; x_wconf 87' lang='lat' dir='ltr'><strong>mutata</strong></span> <span class='ocrx_word' id='word_1_59' title='bbox 962 556 1077 599; x_wconf 88' lang='lat' dir='ltr'><strong>esse,</strong></span> <span class='ocrx_word' id='word_1_60' title='bbox 1126 544 1250 590; x_wconf 87' lang='lat' dir='ltr'><strong>facile</strong></span> <span class='ocrx_word' id='word_1_61' title='bbox 1279 557 1329 590; x_wconf 87' lang='lat' dir='ltr'><strong>ex</strong></span> <span class='ocrx_word' id='word_1_62' title='bbox 1356 543 1560 590; x_wconf 89' lang='lat' dir='ltr'><strong>hodierna</strong></span> <span class='ocrx_word' id='word_1_63' title='bbox 1588 544 1827 590; x_wconf 91' lang='lat' dir='ltr'><strong>conditione</strong></span> <span class='ocrx_word' id='word_1_64' title='bbox 1856 545 2089 592; x_wconf 88' lang='lat' dir='ltr'><strong>carminum</strong></span> <span class='ocrx_word' id='word_1_65' title='bbox 2119 546 2350 604; x_wconf 84' lang='lat' dir='ltr'><strong>conjicitur.</strong></span> <span class='ocrx_word' id='word_1_66' title='bbox 2408 545 2493 592; x_wconf 89' lang='lat' dir='ltr'><strong>Sed</strong></span> <span class='ocrx_word' id='word_1_67' title='bbox 2519 558 2572 592; x_wconf 90' lang='lat' dir='ltr'><strong>ea</strong></span> <span class='ocrx_word' id='word_1_68' title='bbox 2599 557 2710 590; x_wconf 88' lang='lat' dir='ltr'><strong>nunc</strong></span> 
     </span>
     <span class='ocr_line' id='line_1_7' title="bbox 221 636 651 680; baseline -0.005 -11"><span class='ocrx_word' id='word_1_69' title='bbox 221 636 307 669; x_wconf 91' lang='lat' dir='ltr'><strong>non</strong></span> <span class='ocrx_word' id='word_1_70' title='bbox 336 636 651 680; x_wconf 80' lang='lat' dir='ltr'><strong>persequamur.</strong></span> 
     </span>
    </p>

    <p class='ocr_par' dir='ltr' id='par_1_3' title="bbox 213 702 2711 2403">
     <span class='ocr_line' id='line_1_8' title="bbox 431 702 2711 761; baseline 0 -14"><span class='ocrx_word' id='word_1_71' title='bbox 431 703 530 747; x_wconf 87' lang='lat' dir='ltr'><strong>Jam</strong></span> <span class='ocrx_word' id='word_1_72' title='bbox 557 705 608 745; x_wconf 93' lang='lat' dir='ltr'><strong>ut</strong></span> <span class='ocrx_word' id='word_1_73' title='bbox 635 702 788 755; x_wconf 90' lang='lat' dir='ltr'><strong>omnia,</strong></span> <span class='ocrx_word' id='word_1_74' title='bbox 819 715 929 757; x_wconf 91' lang='lat' dir='ltr'><strong>quae</strong></span> <span class='ocrx_word' id='word_1_75' title='bbox 958 702 1097 748; x_wconf 87' lang='lat' dir='ltr'><strong>adhuc</strong></span> <span class='ocrx_word' id='word_1_76' title='bbox 1125 703 1443 758; x_wconf 63' lang='lat' dir='ltr'><strong>disputavimus</strong></span> <span class='ocrx_word' id='word_1_77' title='bbox 1473 703 1517 746; x_wconf 92' lang='lat' dir='ltr'><strong>in</strong></span> <span class='ocrx_word' id='word_1_78' title='bbox 1551 715 1682 748; x_wconf 90' lang='lat' dir='ltr'><strong>unum</strong></span> <span class='ocrx_word' id='word_1_79' title='bbox 1711 703 1995 749; x_wconf 81' lang='lat' dir='ltr'><strong>conferamus:</strong></span> <span class='ocrx_word' id='word_1_80' title='bbox 2039 716 2170 761; x_wconf 88' lang='lat' dir='ltr'><strong>quum</strong></span> <span class='ocrx_word' id='word_1_81' title='bbox 2206 704 2259 749; x_wconf 89' lang='lat' dir='ltr'><strong>de</strong></span> <span class='ocrx_word' id='word_1_82' title='bbox 2287 704 2472 750; x_wconf 85' lang='lat' dir='ltr'><strong>Homero</strong></span> <span class='ocrx_word' id='word_1_83' title='bbox 2501 716 2529 748; x_wconf 87' lang='lat' dir='ltr'><strong>a</strong></span> <span class='ocrx_word' id='word_1_84' title='bbox 2557 704 2711 749; x_wconf 86' lang='lat' dir='ltr'><strong>veteri-</strong></span> 
     </span>
     <span class='ocr_line' id='line_1_9' title="bbox 220 780 2711 838; baseline 0 -12"><span class='ocrx_word' id='word_1_85' title='bbox 220 782 303 826; x_wconf 86' lang='lat' dir='ltr'><strong>bus</strong></span> <span class='ocrx_word' id='word_1_86' title='bbox 333 782 508 826; x_wconf 87' lang='lat' dir='ltr'><strong>Graecis</strong></span> <span class='ocrx_word' id='word_1_87' title='bbox 536 780 639 825; x_wconf 89' lang='lat' dir='ltr'><strong>nihil</strong></span> <span class='ocrx_word' id='word_1_88' title='bbox 668 781 773 825; x_wconf 91' lang='lat' dir='ltr'><strong>certi</strong></span> <span class='ocrx_word' id='word_1_89' title='bbox 802 781 1007 824; x_wconf 87' lang='lat' dir='ltr'><strong>traditum</strong></span> <span class='ocrx_word' id='word_1_90' title='bbox 1038 782 1115 835; x_wconf 87' lang='lat' dir='ltr'><strong>sit,</strong></span> <span class='ocrx_word' id='word_1_91' title='bbox 1145 783 1388 836; x_wconf 82' lang='lat' dir='ltr'><strong>omniaque,</strong></span> <span class='ocrx_word' id='word_1_92' title='bbox 1418 793 1528 836; x_wconf 90' lang='lat' dir='ltr'><strong>quae</strong></span> <span class='ocrx_word' id='word_1_93' title='bbox 1558 782 1611 825; x_wconf 89' lang='lat' dir='ltr'><strong>de</strong></span> <span class='ocrx_word' id='word_1_94' title='bbox 1639 782 1732 837; x_wconf 79' lang='lat' dir='ltr'><strong>eJus</strong></span> <span class='ocrx_word' id='word_1_95' title='bbox 1759 783 1827 826; x_wconf 88' lang='lat' dir='ltr'><strong>vel</strong></span> <span class='ocrx_word' id='word_1_96' title='bbox 1854 783 1963 835; x_wconf 89' lang='lat' dir='ltr'><strong>vita,</strong></span> <span class='ocrx_word' id='word_1_97' title='bbox 2002 783 2069 826; x_wconf 90' lang='lat' dir='ltr'><strong>vel</strong></span> <span class='ocrx_word' id='word_1_98' title='bbox 2096 784 2258 838; x_wconf 85' lang='lat' dir='ltr'><strong>patria,</strong></span> <span class='ocrx_word' id='word_1_99' title='bbox 2288 784 2356 828; x_wconf 89' lang='lat' dir='ltr'><strong>vel</strong></span> <span class='ocrx_word' id='word_1_100' title='bbox 2383 786 2526 828; x_wconf 84' lang='lat' dir='ltr'><strong>aetate</strong></span> <span class='ocrx_word' id='word_1_101' title='bbox 2553 784 2711 828; x_wconf 84' lang='lat' dir='ltr'><strong>consti-</strong></span> 
     </span>
     <span class='ocr_line' id='line_1_10' title="bbox 221 858 2707 918; baseline 0 -14"><span class='ocrx_word' id='word_1_102' title='bbox 221 859 381 904; x_wconf 91' lang='lat' dir='ltr'><strong>tuenda</strong></span> <span class='ocrx_word' id='word_1_103' title='bbox 409 859 530 903; x_wconf 89' lang='lat' dir='ltr'><strong>nobis</strong></span> <span class='ocrx_word' id='word_1_104' title='bbox 558 858 794 912; x_wconf 87' lang='lat' dir='ltr'><strong>videantur,</strong></span> <span class='ocrx_word' id='word_1_105' title='bbox 824 872 876 902; x_wconf 87' lang='lat' dir='ltr'><strong>ex</strong></span> <span class='ocrx_word' id='word_1_106' title='bbox 903 859 1008 914; x_wconf 91' lang='lat' dir='ltr'><strong>ipsis</strong></span> <span class='ocrx_word' id='word_1_107' title='bbox 1038 861 1292 904; x_wconf 85' lang='lat' dir='ltr'><strong>carminibus</strong></span> <span class='ocrx_word' id='word_1_108' title='bbox 1320 860 1553 903; x_wconf 89' lang='lat' dir='ltr'><strong>haurienda</strong></span> <span class='ocrx_word' id='word_1_109' title='bbox 1573 861 1669 912; x_wconf 82' lang='lat' dir='ltr'><strong>sint,</strong></span> <span class='ocrx_word' id='word_1_110' title='bbox 1699 873 1770 918; x_wconf 78' lang='lat' dir='ltr'><strong>res</strong></span> <span class='ocrx_word' id='word_1_111' title='bbox 1797 861 1930 915; x_wconf 90' lang='lat' dir='ltr'><strong>ipsae,</strong></span> <span class='ocrx_word' id='word_1_112' title='bbox 1960 874 2070 916; x_wconf 86' lang='lat' dir='ltr'><strong>quae</strong></span> <span class='ocrx_word' id='word_1_113' title='bbox 2098 862 2143 905; x_wconf 92' lang='lat' dir='ltr'><strong>in</strong></span> <span class='ocrx_word' id='word_1_114' title='bbox 2168 862 2222 905; x_wconf 91' lang='lat' dir='ltr'><strong>iis</strong></span> <span class='ocrx_word' id='word_1_115' title='bbox 2240 864 2491 915; x_wconf 81' lang='lat' dir='ltr'><strong>tractantur,</strong></span> <span class='ocrx_word' id='word_1_116' title='bbox 2521 865 2566 904; x_wconf 90' lang='lat' dir='ltr'><strong>et</strong></span> <span class='ocrx_word' id='word_1_117' title='bbox 2583 862 2707 915; x_wconf 87' lang='lat' dir='ltr'><strong>ratio,</strong></span> 
     </span>
     <span class='ocr_line' id='line_1_11' title="bbox 222 929 2708 995; baseline 0.002 -15"><span class='ocrx_word' id='word_1_118' title='bbox 222 950 308 993; x_wconf 89' lang='lat' dir='ltr'><strong>qua</strong></span> <span class='ocrx_word' id='word_1_119' title='bbox 335 941 576 990; x_wconf 90' lang='lat' dir='ltr'><strong>narrantur,</strong></span> <span class='ocrx_word' id='word_1_120' title='bbox 606 949 746 981; x_wconf 90' lang='lat' dir='ltr'><strong>sermo</strong></span> <span class='ocrx_word' id='word_1_121' title='bbox 775 937 968 991; x_wconf 90' lang='lat' dir='ltr'><strong>denique,</strong></span> <span class='ocrx_word' id='word_1_122' title='bbox 999 949 1082 992; x_wconf 91' lang='lat' dir='ltr'><strong>quo</strong></span> <span class='ocrx_word' id='word_1_123' title='bbox 1102 941 1230 993; x_wconf 90' lang='lat' dir='ltr'><strong>poeta</strong></span> <span class='ocrx_word' id='word_1_124' title='bbox 1257 950 1359 981; x_wconf 90' lang='lat' dir='ltr'><strong>usus</strong></span> <span class='ocrx_word' id='word_1_125' title='bbox 1387 939 1466 989; x_wconf 88' lang='lat' dir='ltr'><strong>est,</strong></span> <span class='ocrx_word' id='word_1_126' title='bbox 1496 937 1600 981; x_wconf 89' lang='lat' dir='ltr'><strong>haec</strong></span> <span class='ocrx_word' id='word_1_127' title='bbox 1619 938 1761 986; x_wconf 88' lang='lat' dir='ltr'><strong>omnia</strong></span> <span class='ocrx_word' id='word_1_128' title='bbox 1784 938 1906 982; x_wconf 90' lang='lat' dir='ltr'><strong>nobis</strong></span> <span class='ocrx_word' id='word_1_129' title='bbox 1936 938 2128 993; x_wconf 85' lang='lat' dir='ltr'><strong>suadent,</strong></span> <span class='ocrx_word' id='word_1_130' title='bbox 2157 929 2208 983; x_wconf 86' lang='lat' dir='ltr'><strong>ut</strong></span> <span class='ocrx_word' id='word_1_131' title='bbox 2234 939 2505 984; x_wconf 86' lang='lat' dir='ltr'><strong>Homerum</strong></span> <span class='ocrx_word' id='word_1_132' title='bbox 2533 939 2708 995; x_wconf 90' lang='lat' dir='ltr'><strong>paullo</strong></span> 
     </span>
     <span class='ocr_line' id='line_1_12' title="bbox 221 1015 2708 1072; baseline 0.001 -12"><span class='ocrx_word' id='word_1_133' title='bbox 221 1020 342 1072; x_wconf 90' lang='lat' dir='ltr'><strong>post</strong></span> <span class='ocrx_word' id='word_1_134' title='bbox 386 1016 596 1071; x_wconf 90' lang='lat' dir='ltr'><strong>Trojani</strong></span> <span class='ocrx_word' id='word_1_135' title='bbox 637 1015 768 1058; x_wconf 91' lang='lat' dir='ltr'><strong>belli</strong></span> <span class='ocrx_word' id='word_1_136' title='bbox 810 1020 1016 1072; x_wconf 89' lang='lat' dir='ltr'><strong>tempus</strong></span> <span class='ocrx_word' id='word_1_137' title='bbox 1064 1017 1113 1060; x_wconf 91' lang='lat' dir='ltr'><strong>in</strong></span> <span class='ocrx_word' id='word_1_138' title='bbox 1161 1020 1302 1060; x_wconf 89' lang='lat' dir='ltr'><strong>terra</strong></span> <span class='ocrx_word' id='word_1_139' title='bbox 1330 1016 1647 1063; x_wconf 83' lang='lat' dir='ltr'><strong>Achaeorum</strong></span> <span class='ocrx_word' id='word_1_140' title='bbox 1684 1016 1880 1060; x_wconf 87' lang='lat' dir='ltr'><strong>vixisse</strong></span> <span class='ocrx_word' id='word_1_141' title='bbox 1917 1017 2150 1062; x_wconf 83' lang='lat' dir='ltr'><strong>credamus.</strong></span> <span class='ocrx_word' id='word_1_142' title='bbox 2209 1016 2536 1062; x_wconf 82' lang='lat' dir='ltr'><strong>confirmabitur</strong></span> <span class='ocrx_word' id='word_1_143' title='bbox 2563 1020 2708 1062; x_wconf 89' lang='lat' dir='ltr'><strong>autem</strong></span> 
     </span>
     <span class='ocr_line' id='line_1_13' title="bbox 220 1094 2709 1152; baseline 0 -13"><span class='ocrx_word' id='word_1_144' title='bbox 220 1095 327 1140; x_wconf 90' lang='lat' dir='ltr'><strong>haec</strong></span> <span class='ocrx_word' id='word_1_145' title='bbox 355 1095 515 1150; x_wconf 93' lang='lat' dir='ltr'><strong>opinio,</strong></span> <span class='ocrx_word' id='word_1_146' title='bbox 565 1095 601 1138; x_wconf 91' lang='lat' dir='ltr'><strong>si</strong></span> <span class='ocrx_word' id='word_1_147' title='bbox 630 1106 778 1139; x_wconf 87' lang='lat' dir='ltr'><strong>earum</strong></span> <span class='ocrx_word' id='word_1_148' title='bbox 806 1107 950 1139; x_wconf 90' lang='lat' dir='ltr'><strong>rerum</strong></span> <span class='ocrx_word' id='word_1_149' title='bbox 978 1096 1186 1139; x_wconf 89' lang='lat' dir='ltr'><strong>rationem</strong></span> <span class='ocrx_word' id='word_1_150' title='bbox 1215 1094 1482 1148; x_wconf 82' lang='lat' dir='ltr'><strong>habebimuS,</strong></span> <span class='ocrx_word' id='word_1_151' title='bbox 1513 1107 1623 1149; x_wconf 90' lang='lat' dir='ltr'><strong>quae</strong></span> <span class='ocrx_word' id='word_1_152' title='bbox 1650 1097 1804 1150; x_wconf 84' lang='lat' dir='ltr'><strong>postea</strong></span> <span class='ocrx_word' id='word_1_153' title='bbox 1832 1097 1980 1150; x_wconf 87' lang='lat' dir='ltr'><strong>gestae</strong></span> <span class='ocrx_word' id='word_1_154' title='bbox 2018 1099 2129 1140; x_wconf 88' lang='lat' dir='ltr'><strong>sunt.</strong></span> <span class='ocrx_word' id='word_1_155' title='bbox 2187 1095 2326 1149; x_wconf 87' lang='lat' dir='ltr'><strong>Quum</strong></span> <span class='ocrx_word' id='word_1_156' title='bbox 2355 1096 2466 1140; x_wconf 90' lang='lat' dir='ltr'><strong>enim</strong></span> <span class='ocrx_word' id='word_1_157' title='bbox 2494 1096 2709 1152; x_wconf 83' lang='lat' dir='ltr'><strong>octoginta</strong></span> 
     </span>
     <span class='ocr_line' id='line_1_14' title="bbox 219 1171 2708 1235; baseline 0 -17"><span class='ocrx_word' id='word_1_158' title='bbox 219 1172 309 1235; x_wconf 84' lang='lat' dir='ltr'><strong>fere</strong></span> <span class='ocrx_word' id='word_1_159' title='bbox 351 1173 474 1217; x_wconf 88' lang='lat' dir='ltr'><strong>annis</strong></span> <span class='ocrx_word' id='word_1_160' title='bbox 521 1175 621 1228; x_wconf 89' lang='lat' dir='ltr'><strong>post</strong></span> <span class='ocrx_word' id='word_1_161' title='bbox 663 1172 834 1229; x_wconf 88' lang='lat' dir='ltr'><strong>Trojam</strong></span> <span class='ocrx_word' id='word_1_162' title='bbox 882 1185 1073 1218; x_wconf 90' lang='lat' dir='ltr'><strong>eversam</strong></span> <span class='ocrx_word' id='word_1_163' title='bbox 1108 1172 1357 1218; x_wconf 85' lang='lat' dir='ltr'><strong>Heraclidae</strong></span> <span class='ocrx_word' id='word_1_164' title='bbox 1405 1185 1501 1218; x_wconf 87' lang='lat' dir='ltr'><strong>cum</strong></span> <span class='ocrx_word' id='word_1_165' title='bbox 1538 1171 1723 1218; x_wconf 86' lang='lat' dir='ltr'><strong>Doribus</strong></span> <span class='ocrx_word' id='word_1_166' title='bbox 1759 1172 2094 1228; x_wconf 84' lang='lat' dir='ltr'><strong>Peloponnesum</strong></span> <span class='ocrx_word' id='word_1_167' title='bbox 2131 1177 2409 1230; x_wconf 86' lang='lat' dir='ltr'><strong>occupassent</strong></span> <span class='ocrx_word' id='word_1_168' title='bbox 2444 1178 2489 1219; x_wconf 92' lang='lat' dir='ltr'><strong>et</strong></span> <span class='ocrx_word' id='word_1_169' title='bbox 2516 1173 2708 1220; x_wconf 85' lang='lat' dir='ltr'><strong>Achaeos</strong></span> 
     </span>
     <span class='ocr_line' id='line_1_15' title="bbox 219 1250 2708 1309; baseline 0 -12"><span class='ocrx_word' id='word_1_170' title='bbox 219 1252 378 1308; x_wconf 89' lang='lat' dir='ltr'><strong>partim</strong></span> <span class='ocrx_word' id='word_1_171' title='bbox 407 1252 677 1306; x_wconf 85' lang='lat' dir='ltr'><strong>occidissent,</strong></span> <span class='ocrx_word' id='word_1_172' title='bbox 707 1253 865 1308; x_wconf 90' lang='lat' dir='ltr'><strong>partim</strong></span> <span class='ocrx_word' id='word_1_173' title='bbox 896 1252 1171 1308; x_wconf 86' lang='lat' dir='ltr'><strong>expulissent,</strong></span> <span class='ocrx_word' id='word_1_174' title='bbox 1201 1251 1307 1296; x_wconf 90' lang='lat' dir='ltr'><strong>alios</strong></span> <span class='ocrx_word' id='word_1_175' title='bbox 1335 1251 1540 1307; x_wconf 86' lang='lat' dir='ltr'><strong>potestati</strong></span> <span class='ocrx_word' id='word_1_176' title='bbox 1568 1264 1672 1296; x_wconf 92' lang='lat' dir='ltr'><strong>suae</strong></span> <span class='ocrx_word' id='word_1_177' title='bbox 1700 1250 1988 1307; x_wconf 88' lang='lat' dir='ltr'><strong>subjecissent,</strong></span> <span class='ocrx_word' id='word_1_178' title='bbox 2025 1252 2150 1308; x_wconf 88' lang='lat' dir='ltr'><strong>pauci</strong></span> <span class='ocrx_word' id='word_1_179' title='bbox 2176 1251 2238 1296; x_wconf 87' lang='lat' dir='ltr'><strong>illi</strong></span> <span class='ocrx_word' id='word_1_180' title='bbox 2265 1252 2436 1307; x_wconf 81' lang='lat' dir='ltr'><strong>Achaei,</strong></span> <span class='ocrx_word' id='word_1_181' title='bbox 2466 1254 2540 1309; x_wconf 92' lang='lat' dir='ltr'><strong>qui</strong></span> <span class='ocrx_word' id='word_1_182' title='bbox 2566 1267 2592 1299; x_wconf 93' lang='lat' dir='ltr'><strong>e</strong></span> <span class='ocrx_word' id='word_1_183' title='bbox 2619 1254 2708 1298; x_wconf 91' lang='lat' dir='ltr'><strong>Do-</strong></span> 
     </span>
     <span class='ocr_line' id='line_1_16' title="bbox 219 1330 2707 1385; baseline 0 -10"><span class='ocrx_word' id='word_1_184' title='bbox 219 1331 310 1376; x_wconf 88' lang='lat' dir='ltr'><strong>rica</strong></span> <span class='ocrx_word' id='word_1_185' title='bbox 337 1334 554 1385; x_wconf 84' lang='lat' dir='ltr'><strong>potestate</strong></span> <span class='ocrx_word' id='word_1_186' title='bbox 583 1343 677 1374; x_wconf 89' lang='lat' dir='ltr'><strong>sese</strong></span> <span class='ocrx_word' id='word_1_187' title='bbox 707 1331 970 1385; x_wconf 85' lang='lat' dir='ltr'><strong>eripuerant,</strong></span> <span class='ocrx_word' id='word_1_188' title='bbox 1014 1331 1179 1382; x_wconf 86' lang='lat' dir='ltr'><strong>Jonios,</strong></span> <span class='ocrx_word' id='word_1_189' title='bbox 1234 1330 1306 1384; x_wconf 89' lang='lat' dir='ltr'><strong>qui</strong></span> <span class='ocrx_word' id='word_1_190' title='bbox 1342 1330 1386 1373; x_wconf 91' lang='lat' dir='ltr'><strong>in</strong></span> <span class='ocrx_word' id='word_1_191' title='bbox 1423 1330 1758 1384; x_wconf 88' lang='lat' dir='ltr'><strong>septemtrionali</strong></span> <span class='ocrx_word' id='word_1_192' title='bbox 1784 1330 2073 1385; x_wconf 89' lang='lat' dir='ltr'><strong>Peloponneso</strong></span> <span class='ocrx_word' id='word_1_193' title='bbox 2110 1330 2427 1384; x_wconf 86' lang='lat' dir='ltr'><strong>habitaverant,</strong></span> <span class='ocrx_word' id='word_1_194' title='bbox 2457 1344 2509 1375; x_wconf 87' lang='lat' dir='ltr'><strong>ex</strong></span> <span class='ocrx_word' id='word_1_195' title='bbox 2537 1331 2707 1375; x_wconf 89' lang='lat' dir='ltr'><strong>sedibus</strong></span> 
     </span>
     <span class='ocr_line' id='line_1_17' title="bbox 220 1408 2707 1464; baseline 0 -11"><span class='ocrx_word' id='word_1_196' title='bbox 220 1409 309 1453; x_wconf 89' lang='lat' dir='ltr'><strong>suis</strong></span> <span class='ocrx_word' id='word_1_197' title='bbox 339 1412 581 1463; x_wconf 87' lang='lat' dir='ltr'><strong>exegerunt,</strong></span> <span class='ocrx_word' id='word_1_198' title='bbox 612 1421 719 1463; x_wconf 91' lang='lat' dir='ltr'><strong>quas</strong></span> <span class='ocrx_word' id='word_1_199' title='bbox 747 1409 829 1463; x_wconf 92' lang='lat' dir='ltr'><strong>ipsi</strong></span> <span class='ocrx_word' id='word_1_200' title='bbox 858 1412 1125 1463; x_wconf 86' lang='lat' dir='ltr'><strong>occuparunt.</strong></span> <span class='ocrx_word' id='word_1_201' title='bbox 1183 1408 1296 1452; x_wconf 87' lang='lat' dir='ltr'><strong>Jonii</strong></span> <span class='ocrx_word' id='word_1_202' title='bbox 1323 1411 1467 1452; x_wconf 90' lang='lat' dir='ltr'><strong>autem</strong></span> <span class='ocrx_word' id='word_1_203' title='bbox 1496 1409 1541 1452; x_wconf 92' lang='lat' dir='ltr'><strong>in</strong></span> <span class='ocrx_word' id='word_1_204' title='bbox 1567 1408 1753 1452; x_wconf 89' lang='lat' dir='ltr'><strong>Atticam</strong></span> <span class='ocrx_word' id='word_1_205' title='bbox 1784 1408 2072 1462; x_wconf 84' lang='lat' dir='ltr'><strong>confugerunt,</strong></span> <span class='ocrx_word' id='word_1_206' title='bbox 2108 1408 2220 1451; x_wconf 89' lang='lat' dir='ltr'><strong>unde</strong></span> <span class='ocrx_word' id='word_1_207' title='bbox 2248 1408 2347 1451; x_wconf 88' lang='lat' dir='ltr'><strong>olim</strong></span> <span class='ocrx_word' id='word_1_208' title='bbox 2376 1409 2420 1452; x_wconf 92' lang='lat' dir='ltr'><strong>in</strong></span> <span class='ocrx_word' id='word_1_209' title='bbox 2448 1409 2707 1464; x_wconf 89' lang='lat' dir='ltr'><strong>Peloponne-</strong></span> 
     </span>
     <span class='ocr_line' id='line_1_18' title="bbox 220 1486 2705 1540; baseline 0 -9"><span class='ocrx_word' id='word_1_210' title='bbox 220 1500 315 1532; x_wconf 90' lang='lat' dir='ltr'><strong>sum</strong></span> <span class='ocrx_word' id='word_1_211' title='bbox 345 1486 660 1531; x_wconf 87' lang='lat' dir='ltr'><strong>descenderant.</strong></span> <span class='ocrx_word' id='word_1_212' title='bbox 720 1486 804 1530; x_wconf 88' lang='lat' dir='ltr'><strong>Sed</strong></span> <span class='ocrx_word' id='word_1_213' title='bbox 833 1500 962 1539; x_wconf 90' lang='lat' dir='ltr'><strong>quum</strong></span> <span class='ocrx_word' id='word_1_214' title='bbox 991 1486 1136 1530; x_wconf 89' lang='lat' dir='ltr'><strong>Attica</strong></span> <span class='ocrx_word' id='word_1_215' title='bbox 1163 1487 1293 1529; x_wconf 86' lang='lat' dir='ltr'><strong>nimia</strong></span> <span class='ocrx_word' id='word_1_216' title='bbox 1320 1486 1536 1529; x_wconf 89' lang='lat' dir='ltr'><strong>hominum</strong></span> <span class='ocrx_word' id='word_1_217' title='bbox 1564 1486 1833 1529; x_wconf 89' lang='lat' dir='ltr'><strong>multitudine</strong></span> <span class='ocrx_word' id='word_1_218' title='bbox 1867 1487 2101 1540; x_wconf 86' lang='lat' dir='ltr'><strong>laboraret,</strong></span> <span class='ocrx_word' id='word_1_219' title='bbox 2150 1487 2309 1530; x_wconf 84' lang='lat' dir='ltr'><strong>factum</strong></span> <span class='ocrx_word' id='word_1_220' title='bbox 2345 1491 2432 1540; x_wconf 90' lang='lat' dir='ltr'><strong>est,</strong></span> <span class='ocrx_word' id='word_1_221' title='bbox 2481 1491 2531 1530; x_wconf 89' lang='lat' dir='ltr'><strong>ut</strong></span> <span class='ocrx_word' id='word_1_222' title='bbox 2568 1487 2705 1531; x_wconf 87' lang='lat' dir='ltr'><strong>Codro</strong></span> 
     </span>
     <span class='ocr_line' id='line_1_19' title="bbox 218 1564 2709 1621; baseline 0 -12"><span class='ocrx_word' id='word_1_223' title='bbox 218 1564 440 1609; x_wconf 84' lang='lat' dir='ltr'><strong>interfecto</strong></span> <span class='ocrx_word' id='word_1_224' title='bbox 469 1564 630 1608; x_wconf 89' lang='lat' dir='ltr'><strong>multae</strong></span> <span class='ocrx_word' id='word_1_225' title='bbox 659 1564 854 1618; x_wconf 88' lang='lat' dir='ltr'><strong>deinceps</strong></span> <span class='ocrx_word' id='word_1_226' title='bbox 884 1565 1071 1608; x_wconf 90' lang='lat' dir='ltr'><strong>coloniae</strong></span> <span class='ocrx_word' id='word_1_227' title='bbox 1099 1566 1143 1608; x_wconf 92' lang='lat' dir='ltr'><strong>in</strong></span> <span class='ocrx_word' id='word_1_228' title='bbox 1172 1566 1318 1607; x_wconf 85' lang='lat' dir='ltr'><strong>Asiam</strong></span> <span class='ocrx_word' id='word_1_229' title='bbox 1348 1566 1664 1608; x_wconf 90' lang='lat' dir='ltr'><strong>deducerentur.</strong></span> <span class='ocrx_word' id='word_1_230' title='bbox 1688 1610 1698 1621; x_wconf 60' lang='lat'><strong>.</strong></span> <span class='ocrx_word' id='word_1_231' title='bbox 1723 1566 1892 1608; x_wconf 89' lang='lat' dir='ltr'><strong>Colonis</strong></span> <span class='ocrx_word' id='word_1_232' title='bbox 1921 1569 2084 1618; x_wconf 87' lang='lat' dir='ltr'><strong>autem,</strong></span> <span class='ocrx_word' id='word_1_233' title='bbox 2129 1569 2179 1608; x_wconf 89' lang='lat' dir='ltr'><strong>ut</strong></span> <span class='ocrx_word' id='word_1_234' title='bbox 2215 1577 2365 1620; x_wconf 85' lang='lat' dir='ltr'><strong>agrum</strong></span> <span class='ocrx_word' id='word_1_235' title='bbox 2393 1566 2619 1619; x_wconf 89' lang='lat' dir='ltr'><strong>haberent,</strong></span> <span class='ocrx_word' id='word_1_236' title='bbox 2662 1566 2709 1620; x_wconf 88' lang='lat' dir='ltr'><strong>in</strong></span> 
     </span>
     <span class='ocr_line' id='line_1_20' title="bbox 220 1642 2706 1699; baseline 0 -12"><span class='ocrx_word' id='word_1_237' title='bbox 220 1656 305 1699; x_wconf 89' lang='lat' dir='ltr'><strong>quo</strong></span> <span class='ocrx_word' id='word_1_238' title='bbox 334 1643 458 1687; x_wconf 88' lang='lat' dir='ltr'><strong>sedes</strong></span> <span class='ocrx_word' id='word_1_239' title='bbox 487 1656 587 1686; x_wconf 88' lang='lat' dir='ltr'><strong>suas</strong></span> <span class='ocrx_word' id='word_1_240' title='bbox 616 1642 883 1696; x_wconf 87' lang='lat' dir='ltr'><strong>collocarent,</strong></span> <span class='ocrx_word' id='word_1_241' title='bbox 914 1643 1114 1686; x_wconf 88' lang='lat' dir='ltr'><strong>diuturna</strong></span> <span class='ocrx_word' id='word_1_242' title='bbox 1131 1643 1244 1687; x_wconf 89' lang='lat' dir='ltr'><strong>bella</strong></span> <span class='ocrx_word' id='word_1_243' title='bbox 1272 1643 1458 1697; x_wconf 86' lang='lat' dir='ltr'><strong>gerenda</strong></span> <span class='ocrx_word' id='word_1_244' title='bbox 1486 1646 1620 1696; x_wconf 90' lang='lat' dir='ltr'><strong>erant,</strong></span> <span class='ocrx_word' id='word_1_245' title='bbox 1650 1647 1872 1698; x_wconf 88' lang='lat' dir='ltr'><strong>praeterea</strong></span> <span class='ocrx_word' id='word_1_246' title='bbox 1899 1643 2123 1686; x_wconf 88' lang='lat' dir='ltr'><strong>urbes·vel</strong></span> <span class='ocrx_word' id='word_1_247' title='bbox 2150 1643 2440 1697; x_wconf 83' lang='lat' dir='ltr'><strong>exstruendae,</strong></span> <span class='ocrx_word' id='word_1_248' title='bbox 2470 1643 2537 1687; x_wconf 91' lang='lat' dir='ltr'><strong>vel</strong></span> <span class='ocrx_word' id='word_1_249' title='bbox 2556 1643 2706 1698; x_wconf 90' lang='lat' dir='ltr'><strong>ampli-</strong></span> 
     </span>
     <span class='ocr_line' id='line_1_21' title="bbox 218 1721 2707 1776; baseline -0.001 -9"><span class='ocrx_word' id='word_1_250' title='bbox 218 1721 421 1775; x_wconf 87' lang='lat' dir='ltr'><strong>ficandae,</strong></span> <span class='ocrx_word' id='word_1_251' title='bbox 452 1721 519 1765; x_wconf 92' lang='lat' dir='ltr'><strong>vel</strong></span> <span class='ocrx_word' id='word_1_252' title='bbox 547 1721 810 1765; x_wconf 89' lang='lat' dir='ltr'><strong>muniendae.</strong></span> <span class='ocrx_word' id='word_1_253' title='bbox 868 1722 1043 1776; x_wconf 88' lang='lat' dir='ltr'><strong>Aliquot</strong></span> <span class='ocrx_word' id='word_1_254' title='bbox 1071 1722 1240 1765; x_wconf 92' lang='lat' dir='ltr'><strong>demum</strong></span> <span class='ocrx_word' id='word_1_255' title='bbox 1270 1723 1448 1765; x_wconf 85' lang='lat' dir='ltr'><strong>saeculis</strong></span> <span class='ocrx_word' id='word_1_256' title='bbox 1478 1725 1576 1776; x_wconf 88' lang='lat' dir='ltr'><strong>post</strong></span> <span class='ocrx_word' id='word_1_257' title='bbox 1603 1722 1797 1765; x_wconf 89' lang='lat' dir='ltr'><strong>videntur</strong></span> <span class='ocrx_word' id='word_1_258' title='bbox 1825 1726 1875 1765; x_wconf 80' lang='lat' dir='ltr'><strong>et·</strong></span> <span class='ocrx_word' id='word_1_259' title='bbox 1897 1721 2047 1776; x_wconf 88' lang='lat' dir='ltr'><strong>opibus</strong></span> <span class='ocrx_word' id='word_1_260' title='bbox 2076 1725 2122 1764; x_wconf 91' lang='lat' dir='ltr'><strong>et</strong></span> <span class='ocrx_word' id='word_1_261' title='bbox 2155 1721 2318 1765; x_wconf 90' lang='lat' dir='ltr'><strong>artibus</strong></span> <span class='ocrx_word' id='word_1_262' title='bbox 2345 1721 2549 1765; x_wconf 86' lang='lat' dir='ltr'><strong>flomisse.</strong></span> <span class='ocrx_word' id='word_1_263' title='bbox 2607 1723 2707 1766; x_wconf 86' lang='lat' dir='ltr'><strong>Jam</strong></span> 
     </span>
     <span class='ocr_line' id='line_1_22' title="bbox 219 1800 2707 1856; baseline 0 -13"><span class='ocrx_word' id='word_1_264' title='bbox 219 1801 258 1844; x_wconf 93' lang='lat' dir='ltr'><strong>si</strong></span> <span class='ocrx_word' id='word_1_265' title='bbox 286 1800 526 1855; x_wconf 87' lang='lat' dir='ltr'><strong>quaeritur,</strong></span> <span class='ocrx_word' id='word_1_266' title='bbox 571 1813 656 1854; x_wconf 89' lang='lat' dir='ltr'><strong>quo</strong></span> <span class='ocrx_word' id='word_1_267' title='bbox 684 1804 877 1855; x_wconf 89' lang='lat' dir='ltr'><strong>tempore</strong></span> <span class='ocrx_word' id='word_1_268' title='bbox 905 1800 1130 1843; x_wconf 89' lang='lat' dir='ltr'><strong>verisimile</strong></span> <span class='ocrx_word' id='word_1_269' title='bbox 1159 1801 1218 1843; x_wconf 90' lang='lat' dir='ltr'><strong>sit</strong></span> <span class='ocrx_word' id='word_1_270' title='bbox 1245 1802 1432 1844; x_wconf 89' lang='lat' dir='ltr'><strong>carmina</strong></span> <span class='ocrx_word' id='word_1_271' title='bbox 1460 1801 1684 1844; x_wconf 90' lang='lat' dir='ltr'><strong>Homerica</strong></span> <span class='ocrx_word' id='word_1_272' title='bbox 1711 1801 1827 1844; x_wconf 88' lang='lat' dir='ltr'><strong>nasci</strong></span> <span class='ocrx_word' id='word_1_273' title='bbox 1855 1800 2065 1856; x_wconf 87' lang='lat' dir='ltr'><strong>potuisse,</strong></span> <span class='ocrx_word' id='word_1_274' title='bbox 2109 1802 2243 1854; x_wconf 91' lang='lat' dir='ltr'><strong>certe,</strong></span> <span class='ocrx_word' id='word_1_275' title='bbox 2287 1800 2369 1844; x_wconf 88' lang='lat' dir='ltr'><strong>nisi</strong></span> <span class='ocrx_word' id='word_1_276' title='bbox 2396 1802 2707 1856; x_wconf 84' lang='lat' dir='ltr'><strong>praeoccupata</strong></span> 
     </span>
     <span class='ocr_line' id='line_1_23' title="bbox 219 1878 2706 1932; baseline -0 -11"><span class='ocrx_word' id='word_1_277' title='bbox 219 1882 365 1922; x_wconf 89' lang='lat' dir='ltr'><strong>mente</strong></span> <span class='ocrx_word' id='word_1_278' title='bbox 392 1891 483 1921; x_wconf 90' lang='lat' dir='ltr'><strong>rem</strong></span> <span class='ocrx_word' id='word_1_279' title='bbox 512 1879 800 1932; x_wconf 87' lang='lat' dir='ltr'><strong>perpenderis,</strong></span> <span class='ocrx_word' id='word_1_280' title='bbox 830 1878 991 1920; x_wconf 86' lang='lat' dir='ltr'><strong>nullum</strong></span> <span class='ocrx_word' id='word_1_281' title='bbox 1021 1879 1136 1920; x_wconf 86' lang='lat' dir='ltr'><strong>aliud</strong></span> <span class='ocrx_word' id='word_1_282' title='bbox 1164 1882 1333 1932; x_wconf 90' lang='lat' dir='ltr'><strong>tempus</strong></span> <span class='ocrx_word' id='word_1_283' title='bbox 1361 1879 1497 1932; x_wconf 88' lang='lat' dir='ltr'><strong>magis</strong></span> <span class='ocrx_word' id='word_1_284' title='bbox 1526 1879 1720 1921; x_wconf 91' lang='lat' dir='ltr'><strong>idoneum</strong></span> <span class='ocrx_word' id='word_1_285' title='bbox 1739 1878 1870 1921; x_wconf 87' lang='lat' dir='ltr'><strong>fuisse</strong></span> <span class='ocrx_word' id='word_1_286' title='bbox 1887 1878 2086 1931; x_wconf 88' lang='lat' dir='ltr'><strong>invenies,</strong></span> <span class='ocrx_word' id='word_1_287' title='bbox 2117 1889 2244 1932; x_wconf 90' lang='lat' dir='ltr'><strong>quam</strong></span> <span class='ocrx_word' id='word_1_288' title='bbox 2273 1878 2346 1931; x_wconf 90' lang='lat' dir='ltr'><strong>id,</strong></span> <span class='ocrx_word' id='word_1_289' title='bbox 2377 1878 2514 1932; x_wconf 91' lang='lat' dir='ltr'><strong>quod</strong></span> <span class='ocrx_word' id='word_1_290' title='bbox 2541 1878 2706 1921; x_wconf 89' lang='lat' dir='ltr'><strong>inter-</strong></span> 
     </span>
     <span class='ocr_line' id='line_1_24' title="bbox 213 1955 2706 2012; baseline 0 -12"><span class='ocrx_word' id='word_1_291' title='bbox 213 1956 415 2012; x_wconf 70' lang='lat' dir='ltr'><strong>,iectum</strong></span> <span class='ocrx_word' id='word_1_292' title='bbox 459 1955 559 1999; x_wconf 86' lang='lat' dir='ltr'><strong>fuit</strong></span> <span class='ocrx_word' id='word_1_293' title='bbox 603 1956 742 1999; x_wconf 89' lang='lat' dir='ltr'><strong>inter</strong></span> <span class='ocrx_word' id='word_1_294' title='bbox 782 1955 976 1999; x_wconf 91' lang='lat' dir='ltr'><strong>bellum</strong></span> <span class='ocrx_word' id='word_1_295' title='bbox 1020 1955 1293 2010; x_wconf 88' lang='lat' dir='ltr'><strong>Trojanum</strong></span> <span class='ocrx_word' id='word_1_296' title='bbox 1336 1958 1387 1999; x_wconf 90' lang='lat' dir='ltr'><strong>et</strong></span> <span class='ocrx_word' id='word_1_297' title='bbox 1430 1955 1807 2010; x_wconf 88' lang='lat' dir='ltr'><strong>expeditionem</strong></span> <span class='ocrx_word' id='word_1_298' title='bbox 1848 1955 2255 2000; x_wconf 89' lang='lat' dir='ltr'><strong>Heraclidarum.</strong></span> <span class='ocrx_word' id='word_1_299' title='bbox 2326 1956 2552 2011; x_wconf 78' lang='lat' dir='ltr'><strong>Nunquam</strong></span> <span class='ocrx_word' id='word_1_300' title='bbox 2595 1955 2706 2011; x_wconf 87' lang='lat' dir='ltr'><strong>enim</strong></span> 
     </span>
     <span class='ocr_line' id='line_1_25' title="bbox 218 2033 2707 2090; baseline -0.001 -11"><span class='ocrx_word' id='word_1_301' title='bbox 218 2038 371 2090; x_wconf 90' lang='lat' dir='ltr'><strong>postea</strong></span> <span class='ocrx_word' id='word_1_302' title='bbox 400 2047 471 2078; x_wconf 89' lang='lat' dir='ltr'><strong>res</strong></span> <span class='ocrx_word' id='word_1_303' title='bbox 501 2035 608 2078; x_wconf 88' lang='lat' dir='ltr'><strong>adeo</strong></span> <span class='ocrx_word' id='word_1_304' title='bbox 637 2038 817 2089; x_wconf 87' lang='lat' dir='ltr'><strong>pacatae</strong></span> <span class='ocrx_word' id='word_1_305' title='bbox 845 2034 1036 2088; x_wconf 83' lang='lat' dir='ltr'><strong>fuerunt,</strong></span> <span class='ocrx_word' id='word_1_306' title='bbox 1079 2038 1129 2078; x_wconf 91' lang='lat' dir='ltr'><strong>ut</strong></span> <span class='ocrx_word' id='word_1_307' title='bbox 1156 2034 1346 2089; x_wconf 89' lang='lat' dir='ltr'><strong>poeticae</strong></span> <span class='ocrx_word' id='word_1_308' title='bbox 1383 2035 1468 2078; x_wconf 87' lang='lat' dir='ltr'><strong>arti</strong></span> <span class='ocrx_word' id='word_1_309' title='bbox 1506 2035 1611 2078; x_wconf 88' lang='lat' dir='ltr'><strong>satis</strong></span> <span class='ocrx_word' id='word_1_310' title='bbox 1647 2034 1848 2078; x_wconf 84' lang='lat' dir='ltr'><strong>faverent.</strong></span> <span class='ocrx_word' id='word_1_311' title='bbox 1907 2034 1992 2078; x_wconf 89' lang='lat' dir='ltr'><strong>Sed</strong></span> <span class='ocrx_word' id='word_1_312' title='bbox 2019 2046 2148 2089; x_wconf 91' lang='lat' dir='ltr'><strong>quum</strong></span> <span class='ocrx_word' id='word_1_313' title='bbox 2172 2034 2262 2090; x_wconf 86' lang='lat' dir='ltr'><strong>jam</strong></span> <span class='ocrx_word' id='word_1_314' title='bbox 2290 2035 2339 2078; x_wconf 91' lang='lat' dir='ltr'><strong>B.</strong></span> <span class='ocrx_word' id='word_1_315' title='bbox 2369 2033 2634 2079; x_wconf 86' lang='lat' dir='ltr'><strong>Thierschius</strong></span> <span class='ocrx_word' id='word_1_316' title='bbox 2663 2034 2707 2077; x_wconf 91' lang='lat' dir='ltr'><strong>in</strong></span> 
     </span>
     <span class='ocr_line' id='line_1_26' title="bbox 218 2101 2706 2169; baseline -0.001 -11"><span class='ocrx_word' id='word_1_317' title='bbox 218 2113 330 2158; x_wconf 90' lang='lat' dir='ltr'><strong>libro</strong></span> <span class='ocrx_word' id='word_1_318' title='bbox 358 2113 534 2157; x_wconf 89' lang='lat' dir='ltr'><strong>laudato</strong></span> <span class='ocrx_word' id='word_1_319' title='bbox 551 2113 578 2168; x_wconf 91' lang='lat'><strong>¹)</strong></span> <span class='ocrx_word' id='word_1_320' title='bbox 608 2113 665 2156; x_wconf 89' lang='lat' dir='ltr'><strong>ad</strong></span> <span class='ocrx_word' id='word_1_321' title='bbox 692 2113 1032 2168; x_wconf 90' lang='lat' dir='ltr'><strong>persuadendum</strong></span> <span class='ocrx_word' id='word_1_322' title='bbox 1061 2116 1162 2168; x_wconf 90' lang='lat' dir='ltr'><strong>apte</strong></span> <span class='ocrx_word' id='word_1_323' title='bbox 1191 2113 1245 2157; x_wconf 91' lang='lat' dir='ltr'><strong>de</strong></span> <span class='ocrx_word' id='word_1_324' title='bbox 1272 2112 1352 2157; x_wconf 89' lang='lat' dir='ltr'><strong>hac</strong></span> <span class='ocrx_word' id='word_1_325' title='bbox 1378 2125 1425 2156; x_wconf 91' lang='lat' dir='ltr'><strong>re</strong></span> <span class='ocrx_word' id='word_1_326' title='bbox 1455 2112 1755 2168; x_wconf 89' lang='lat' dir='ltr'><strong>disputaverit,</strong></span> <span class='ocrx_word' id='word_1_327' title='bbox 1799 2125 1877 2157; x_wconf 90' lang='lat' dir='ltr'><strong>nos</strong></span> <span class='ocrx_word' id='word_1_328' title='bbox 1905 2101 2164 2158; x_wconf 80' lang='lat' dir='ltr'><strong>accuratiore</strong></span> <span class='ocrx_word' id='word_1_329' title='bbox 2193 2113 2558 2169; x_wconf 83' lang='lat' dir='ltr'><strong>argumentatione</strong></span> <span class='ocrx_word' id='word_1_330' title='bbox 2585 2111 2706 2158; x_wconf 83' lang='lat' dir='ltr'><strong>facile</strong></span> 
     </span>
     <span class='ocr_line' id='line_1_27' title="bbox 219 2191 2706 2248; baseline 0 -12"><span class='ocrx_word' id='word_1_331' title='bbox 219 2193 500 2248; x_wconf 89' lang='lat' dir='ltr'><strong>supersedere</strong></span> <span class='ocrx_word' id='word_1_332' title='bbox 527 2193 772 2247; x_wconf 88' lang='lat' dir='ltr'><strong>poterimus.</strong></span> <span class='ocrx_word' id='word_1_333' title='bbox 830 2192 923 2236; x_wconf 91' lang='lat' dir='ltr'><strong>Hoc</strong></span> <span class='ocrx_word' id='word_1_334' title='bbox 950 2204 1080 2236; x_wconf 91' lang='lat' dir='ltr'><strong>unum</strong></span> <span class='ocrx_word' id='word_1_335' title='bbox 1108 2191 1287 2247; x_wconf 88' lang='lat' dir='ltr'><strong>urgebo,</strong></span> <span class='ocrx_word' id='word_1_336' title='bbox 1331 2191 1375 2235; x_wconf 93' lang='lat' dir='ltr'><strong>in</strong></span> <span class='ocrx_word' id='word_1_337' title='bbox 1403 2192 1506 2246; x_wconf 91' lang='lat' dir='ltr'><strong>ipsis</strong></span> <span class='ocrx_word' id='word_1_338' title='bbox 1536 2192 1792 2236; x_wconf 89' lang='lat' dir='ltr'><strong>carminibus</strong></span> <span class='ocrx_word' id='word_1_339' title='bbox 1820 2191 2046 2247; x_wconf 87' lang='lat' dir='ltr'><strong>imaginem</strong></span> <span class='ocrx_word' id='word_1_340' title='bbox 2080 2204 2222 2236; x_wconf 91' lang='lat' dir='ltr'><strong>rerum</strong></span> <span class='ocrx_word' id='word_1_341' title='bbox 2250 2194 2343 2235; x_wconf 88' lang='lat' dir='ltr'><strong>tota</strong></span> <span class='ocrx_word' id='word_1_342' title='bbox 2373 2191 2551 2237; x_wconf 87' lang='lat' dir='ltr'><strong>Graecia</strong></span> <span class='ocrx_word' id='word_1_343' title='bbox 2578 2203 2706 2246; x_wconf 87' lang='lat' dir='ltr'><strong>paca-</strong></span> 
     </span>
     <span class='ocr_line' id='line_1_28' title="bbox 220 2268 2704 2326; baseline -0.001 -12"><span class='ocrx_word' id='word_1_344' title='bbox 220 2273 363 2315; x_wconf 89' lang='lat' dir='ltr'><strong>tarum</strong></span> <span class='ocrx_word' id='word_1_345' title='bbox 392 2270 455 2313; x_wconf 89' lang='lat' dir='ltr'><strong>ita</strong></span> <span class='ocrx_word' id='word_1_346' title='bbox 484 2281 727 2324; x_wconf 89' lang='lat' dir='ltr'><strong>expressam</strong></span> <span class='ocrx_word' id='word_1_347' title='bbox 757 2282 872 2323; x_wconf 90' lang='lat' dir='ltr'><strong>esse,</strong></span> <span class='ocrx_word' id='word_1_348' title='bbox 916 2273 966 2313; x_wconf 92' lang='lat' dir='ltr'><strong>ut</strong></span> <span class='ocrx_word' id='word_1_349' title='bbox 994 2282 1088 2313; x_wconf 90' lang='lat' dir='ltr'><strong>eam</strong></span> <span class='ocrx_word' id='word_1_350' title='bbox 1117 2282 1240 2312; x_wconf 91' lang='lat' dir='ltr'><strong>nemo</strong></span> <span class='ocrx_word' id='word_1_351' title='bbox 1269 2273 1397 2324; x_wconf 90' lang='lat' dir='ltr'><strong>poeta</strong></span> <span class='ocrx_word' id='word_1_352' title='bbox 1433 2272 1533 2325; x_wconf 91' lang='lat' dir='ltr'><strong>post</strong></span> <span class='ocrx_word' id='word_1_353' title='bbox 1561 2270 1867 2326; x_wconf 86' lang='lat' dir='ltr'><strong>expeditionem</strong></span> <span class='ocrx_word' id='word_1_354' title='bbox 1897 2269 2218 2315; x_wconf 83' lang='lat' dir='ltr'><strong>Heraclidamm</strong></span> <span class='ocrx_word' id='word_1_355' title='bbox 2246 2273 2336 2314; x_wconf 90' lang='lat' dir='ltr'><strong>tam</strong></span> <span class='ocrx_word' id='word_1_356' title='bbox 2365 2269 2469 2313; x_wconf 89' lang='lat' dir='ltr'><strong>vivis</strong></span> <span class='ocrx_word' id='word_1_357' title='bbox 2497 2268 2704 2315; x_wconf 87' lang='lat' dir='ltr'><strong>coloribus</strong></span> 
     </span>
     <span class='ocr_line' id='line_1_29' title="bbox 220 2348 724 2403; baseline -0.002 -10"><span class='ocrx_word' id='word_1_358' title='bbox 220 2348 475 2393; x_wconf 88' lang='lat' dir='ltr'><strong>adumbrare</strong></span> <span class='ocrx_word' id='word_1_359' title='bbox 503 2348 724 2403; x_wconf 79' lang='lat' dir='ltr'><strong>potuisset.</strong></span> 
     </span>
    </p>

    <p class='ocr_par' dir='ltr' id='par_1_4' title="bbox 219 2426 2708 3033">
     <span class='ocr_line' id='line_1_30' title="bbox 432 2426 2705 2482; baseline 0 -13"><span class='ocrx_word' id='word_1_360' title='bbox 432 2427 590 2479; x_wconf 87' lang='lat' dir='ltr'><strong>Quodsi</strong></span> <span class='ocrx_word' id='word_1_361' title='bbox 620 2440 715 2470; x_wconf 91' lang='lat' dir='ltr'><strong>cum</strong></span> <span class='ocrx_word' id='word_1_362' title='bbox 744 2426 810 2470; x_wconf 93' lang='lat' dir='ltr'><strong>his</strong></span> <span class='ocrx_word' id='word_1_363' title='bbox 840 2440 892 2470; x_wconf 88' lang='lat' dir='ltr'><strong>ea</strong></span> <span class='ocrx_word' id='word_1_364' title='bbox 920 2426 1183 2480; x_wconf 85' lang='lat' dir='ltr'><strong>conferimus,</strong></span> <span class='ocrx_word' id='word_1_365' title='bbox 1215 2440 1323 2482; x_wconf 90' lang='lat' dir='ltr'><strong>quae</strong></span> <span class='ocrx_word' id='word_1_366' title='bbox 1353 2440 1482 2482; x_wconf 89' lang='lat' dir='ltr'><strong>supra</strong></span> <span class='ocrx_word' id='word_1_367' title='bbox 1512 2429 1564 2470; x_wconf 89' lang='lat' dir='ltr'><strong>de</strong></span> <span class='ocrx_word' id='word_1_368' title='bbox 1593 2428 1845 2472; x_wconf 83' lang='lat' dir='ltr'><strong>testimoniis</strong></span> <span class='ocrx_word' id='word_1_369' title='bbox 1873 2431 2062 2471; x_wconf 86' lang='lat' dir='ltr'><strong>veterum</strong></span> <span class='ocrx_word' id='word_1_370' title='bbox 2093 2428 2350 2472; x_wconf 88' lang='lat' dir='ltr'><strong>Graecorum</strong></span> <span class='ocrx_word' id='word_1_371' title='bbox 2385 2426 2705 2481; x_wconf 85' lang='lat' dir='ltr'><strong>disputavimus,</strong></span> 
     </span>
     <span class='ocr_line' id='line_1_31' title="bbox 222 2503 2708 2559; baseline -0.001 -11"><span class='ocrx_word' id='word_1_372' title='bbox 222 2505 366 2550; x_wconf 89' lang='lat' dir='ltr'><strong>omnia</strong></span> <span class='ocrx_word' id='word_1_373' title='bbox 409 2505 565 2559; x_wconf 91' lang='lat' dir='ltr'><strong>optime</strong></span> <span class='ocrx_word' id='word_1_374' title='bbox 609 2505 873 2549; x_wconf 89' lang='lat' dir='ltr'><strong>conveniunt.</strong></span> <span class='ocrx_word' id='word_1_375' title='bbox 931 2505 1042 2549; x_wconf 90' lang='lat' dir='ltr'><strong>Nam</strong></span> <span class='ocrx_word' id='word_1_376' title='bbox 1086 2506 1122 2549; x_wconf 90' lang='lat' dir='ltr'><strong>si</strong></span> <span class='ocrx_word' id='word_1_377' title='bbox 1165 2505 1306 2548; x_wconf 88' lang='lat' dir='ltr'><strong>omnia</strong></span> <span class='ocrx_word' id='word_1_378' title='bbox 1347 2505 1421 2548; x_wconf 91' lang='lat' dir='ltr'><strong>illa</strong></span> <span class='ocrx_word' id='word_1_379' title='bbox 1457 2505 1699 2549; x_wconf 87' lang='lat' dir='ltr'><strong>testimonia</strong></span> <span class='ocrx_word' id='word_1_380' title='bbox 1726 2518 1811 2549; x_wconf 92' lang='lat' dir='ltr'><strong>non</strong></span> <span class='ocrx_word' id='word_1_381' title='bbox 1839 2505 1895 2549; x_wconf 92' lang='lat' dir='ltr'><strong>ad</strong></span> <span class='ocrx_word' id='word_1_382' title='bbox 1922 2505 2061 2559; x_wconf 89' lang='lat' dir='ltr'><strong>ipsum</strong></span> <span class='ocrx_word' id='word_1_383' title='bbox 2090 2507 2281 2558; x_wconf 88' lang='lat' dir='ltr'><strong>poetam,</strong></span> <span class='ocrx_word' id='word_1_384' title='bbox 2331 2503 2407 2547; x_wconf 90' lang='lat' dir='ltr'><strong>sed</strong></span> <span class='ocrx_word' id='word_1_385' title='bbox 2435 2503 2492 2547; x_wconf 91' lang='lat' dir='ltr'><strong>ad</strong></span> <span class='ocrx_word' id='word_1_386' title='bbox 2519 2503 2708 2547; x_wconf 87' lang='lat' dir='ltr'><strong>carmina</strong></span> 
     </span>
     <span class='ocr_line' id='line_1_32' title="bbox 220 2581 2706 2639; baseline -0.002 -11"><span class='ocrx_word' id='word_1_387' title='bbox 220 2581 450 2628; x_wconf 89' lang='lat' dir='ltr'><strong>Homerica</strong></span> <span class='ocrx_word' id='word_1_388' title='bbox 478 2581 716 2636; x_wconf 83' lang='lat' dir='ltr'><strong>referimus,</strong></span> <span class='ocrx_word' id='word_1_389' title='bbox 748 2595 878 2638; x_wconf 92' lang='lat' dir='ltr'><strong>quum</strong></span> <span class='ocrx_word' id='word_1_390' title='bbox 907 2583 1044 2638; x_wconf 89' lang='lat' dir='ltr'><strong>prima</strong></span> <span class='ocrx_word' id='word_1_391' title='bbox 1073 2583 1253 2639; x_wconf 89' lang='lat' dir='ltr'><strong>vestigia</strong></span> <span class='ocrx_word' id='word_1_392' title='bbox 1290 2595 1433 2627; x_wconf 88' lang='lat' dir='ltr'><strong>eorum</strong></span> <span class='ocrx_word' id='word_1_393' title='bbox 1464 2583 1826 2637; x_wconf 88' lang='lat' dir='ltr'><strong>deprehendamus</strong></span> <span class='ocrx_word' id='word_1_394' title='bbox 1855 2583 1899 2627; x_wconf 92' lang='lat' dir='ltr'><strong>in</strong></span> <span class='ocrx_word' id='word_1_395' title='bbox 1927 2596 1977 2626; x_wconf 91' lang='lat' dir='ltr'><strong>eo</strong></span> <span class='ocrx_word' id='word_1_396' title='bbox 2007 2587 2217 2637; x_wconf 90' lang='lat' dir='ltr'><strong>tempore,</strong></span> <span class='ocrx_word' id='word_1_397' title='bbox 2247 2595 2331 2638; x_wconf 91' lang='lat' dir='ltr'><strong>quo</strong></span> <span class='ocrx_word' id='word_1_398' title='bbox 2360 2582 2547 2627; x_wconf 88' lang='lat' dir='ltr'><strong>coloniae</strong></span> <span class='ocrx_word' id='word_1_399' title='bbox 2574 2581 2706 2626; x_wconf 90' lang='lat' dir='ltr'><strong>Athe-</strong></span> 
     </span>
     <span class='ocr_line' id='line_1_33' title="bbox 220 2644 2708 2716; baseline -0.001 -11"><span class='ocrx_word' id='word_1_400' title='bbox 220 2661 287 2705; x_wconf 88' lang='lat' dir='ltr'><strong>nis</strong></span> <span class='ocrx_word' id='word_1_401' title='bbox 317 2661 363 2704; x_wconf 93' lang='lat' dir='ltr'><strong>in</strong></span> <span class='ocrx_word' id='word_1_402' title='bbox 391 2660 561 2705; x_wconf 87' lang='lat' dir='ltr'><strong>Joniam</strong></span> <span class='ocrx_word' id='word_1_403' title='bbox 590 2661 737 2705; x_wconf 90' lang='lat' dir='ltr'><strong>deduci</strong></span> <span class='ocrx_word' id='word_1_404' title='bbox 766 2664 942 2716; x_wconf 88' lang='lat' dir='ltr'><strong>coeptae</strong></span> <span class='ocrx_word' id='word_1_405' title='bbox 972 2665 1082 2714; x_wconf 91' lang='lat' dir='ltr'><strong>sunt,</strong></span> <span class='ocrx_word' id='word_1_406' title='bbox 1107 2644 1198 2716; x_wconf 84' lang='lat' dir='ltr'><strong>jam</strong></span> <span class='ocrx_word' id='word_1_407' title='bbox 1228 2665 1426 2716; x_wconf 86' lang='lat' dir='ltr'><strong>apparet,</strong></span> <span class='ocrx_word' id='word_1_408' title='bbox 1476 2664 1646 2715; x_wconf 87' lang='lat' dir='ltr'><strong>poetam</strong></span> <span class='ocrx_word' id='word_1_409' title='bbox 1689 2661 1827 2715; x_wconf 90' lang='lat' dir='ltr'><strong>ipsum</strong></span> <span class='ocrx_word' id='word_1_410' title='bbox 1876 2664 1996 2707; x_wconf 88' lang='lat' dir='ltr'><strong>ante</strong></span> <span class='ocrx_word' id='word_1_411' title='bbox 2044 2661 2146 2704; x_wconf 88' lang='lat' dir='ltr'><strong>illud</strong></span> <span class='ocrx_word' id='word_1_412' title='bbox 2189 2665 2356 2716; x_wconf 85' lang='lat' dir='ltr'><strong>tempus</strong></span> <span class='ocrx_word' id='word_1_413' title='bbox 2398 2661 2561 2704; x_wconf 83' lang='lat' dir='ltr'><strong>vixisse.</strong></span> <span class='ocrx_word' id='word_1_414' title='bbox 2620 2660 2708 2703; x_wconf 88' lang='lat' dir='ltr'><strong>Nec</strong></span> 
     </span>
     <span class='ocr_line' id='line_1_34' title="bbox 222 2737 2707 2797; baseline 0 -15"><span class='ocrx_word' id='word_1_415' title='bbox 222 2738 334 2783; x_wconf 90' lang='lat' dir='ltr'><strong>enim</strong></span> <span class='ocrx_word' id='word_1_416' title='bbox 363 2737 535 2782; x_wconf 87' lang='lat' dir='ltr'><strong>fabulae</strong></span> <span class='ocrx_word' id='word_1_417' title='bbox 563 2738 660 2782; x_wconf 90' lang='lat' dir='ltr'><strong>illae</strong></span> <span class='ocrx_word' id='word_1_418' title='bbox 689 2739 742 2783; x_wconf 90' lang='lat' dir='ltr'><strong>de</strong></span> <span class='ocrx_word' id='word_1_419' title='bbox 769 2737 936 2783; x_wconf 89' lang='lat' dir='ltr'><strong>filiabus</strong></span> <span class='ocrx_word' id='word_1_420' title='bbox 966 2742 1011 2783; x_wconf 91' lang='lat' dir='ltr'><strong>et</strong></span> <span class='ocrx_word' id='word_1_421' title='bbox 1039 2739 1091 2783; x_wconf 91' lang='lat' dir='ltr'><strong>de</strong></span> <span class='ocrx_word' id='word_1_422' title='bbox 1120 2753 1275 2797; x_wconf 85' lang='lat' dir='ltr'><strong>genero</strong></span> <span class='ocrx_word' id='word_1_423' title='bbox 1303 2739 1480 2783; x_wconf 89' lang='lat' dir='ltr'><strong>Homeri</strong></span> <span class='ocrx_word' id='word_1_424' title='bbox 1508 2742 1637 2796; x_wconf 88' lang='lat' dir='ltr'><strong>atque</strong></span> <span class='ocrx_word' id='word_1_425' title='bbox 1666 2740 1795 2793; x_wconf 89' lang='lat' dir='ltr'><strong>aliae,</strong></span> <span class='ocrx_word' id='word_1_426' title='bbox 1841 2751 1949 2795; x_wconf 88' lang='lat' dir='ltr'><strong>quae</strong></span> <span class='ocrx_word' id='word_1_427' title='bbox 1979 2739 2216 2794; x_wconf 88' lang='lat' dir='ltr'><strong>traduntur,</strong></span> <span class='ocrx_word' id='word_1_428' title='bbox 2246 2739 2386 2785; x_wconf 86' lang='lat' dir='ltr'><strong>factae</strong></span> <span class='ocrx_word' id='word_1_429' title='bbox 2415 2741 2577 2792; x_wconf 88' lang='lat' dir='ltr'><strong>essent,</strong></span> <span class='ocrx_word' id='word_1_430' title='bbox 2626 2738 2707 2782; x_wconf 91' lang='lat' dir='ltr'><strong>nisi</strong></span> 
     </span>
     <span class='ocr_line' id='line_1_35' title="bbox 220 2817 2707 2875; baseline 0 -13"><span class='ocrx_word' id='word_1_431' title='bbox 220 2819 428 2862; x_wconf 87' lang='lat' dir='ltr'><strong>memoria</strong></span> <span class='ocrx_word' id='word_1_432' title='bbox 457 2822 612 2874; x_wconf 87' lang='lat' dir='ltr'><strong>poetae</strong></span> <span class='ocrx_word' id='word_1_433' title='bbox 654 2819 744 2874; x_wconf 75' lang='lat' dir='ltr'><strong>Jam</strong></span> <span class='ocrx_word' id='word_1_434' title='bbox 773 2819 978 2863; x_wconf 89' lang='lat' dir='ltr'><strong>oblivione</strong></span> <span class='ocrx_word' id='word_1_435' title='bbox 1008 2818 1162 2864; x_wconf 86' lang='lat' dir='ltr'><strong>obruta</strong></span> <span class='ocrx_word' id='word_1_436' title='bbox 1190 2819 1351 2866; x_wconf 86' lang='lat' dir='ltr'><strong>fuisset.</strong></span> <span class='ocrx_word' id='word_1_437' title='bbox 1410 2819 1549 2873; x_wconf 83' lang='lat' dir='ltr'><strong>Quum</strong></span> <span class='ocrx_word' id='word_1_438' title='bbox 1587 2819 1716 2875; x_wconf 89' lang='lat' dir='ltr'><strong>igitur</strong></span> <span class='ocrx_word' id='word_1_439' title='bbox 1759 2818 2038 2864; x_wconf 90' lang='lat' dir='ltr'><strong>carminum</strong></span> <span class='ocrx_word' id='word_1_440' title='bbox 2085 2819 2288 2864; x_wconf 89' lang='lat' dir='ltr'><strong>memoria</strong></span> <span class='ocrx_word' id='word_1_441' title='bbox 2330 2831 2464 2874; x_wconf 91' lang='lat' dir='ltr'><strong>usque</strong></span> <span class='ocrx_word' id='word_1_442' title='bbox 2507 2818 2564 2863; x_wconf 85' lang='lat' dir='ltr'><strong>ad</strong></span> <span class='ocrx_word' id='word_1_443' title='bbox 2605 2817 2707 2862; x_wconf 92' lang='lat' dir='ltr'><strong>illud</strong></span> 
     </span>
     <span class='ocr_line' id='line_1_36' title="bbox 220 2895 2706 2954; baseline 0 -13"><span class='ocrx_word' id='word_1_444' title='bbox 220 2900 390 2952; x_wconf 90' lang='lat' dir='ltr'><strong>tempus</strong></span> <span class='ocrx_word' id='word_1_445' title='bbox 419 2898 590 2950; x_wconf 90' lang='lat' dir='ltr'><strong>redeat,</strong></span> <span class='ocrx_word' id='word_1_446' title='bbox 637 2909 719 2951; x_wconf 91' lang='lat' dir='ltr'><strong>quo</strong></span> <span class='ocrx_word' id='word_1_447' title='bbox 748 2902 939 2951; x_wconf 88' lang='lat' dir='ltr'><strong>poetae</strong></span> <span class='ocrx_word' id='word_1_448' title='bbox 967 2899 1171 2942; x_wconf 87' lang='lat' dir='ltr'><strong>memoria</strong></span> <span class='ocrx_word' id='word_1_449' title='bbox 1195 2899 1285 2954; x_wconf 90' lang='lat' dir='ltr'><strong>jam</strong></span> <span class='ocrx_word' id='word_1_450' title='bbox 1315 2899 1420 2942; x_wconf 86' lang='lat' dir='ltr'><strong>adeo</strong></span> <span class='ocrx_word' id='word_1_451' title='bbox 1450 2899 1677 2942; x_wconf 87' lang='lat' dir='ltr'><strong>obscurata</strong></span> <span class='ocrx_word' id='word_1_452' title='bbox 1705 2902 1818 2950; x_wconf 86' lang='lat' dir='ltr'><strong>erat,</strong></span> <span class='ocrx_word' id='word_1_453' title='bbox 1863 2901 1913 2941; x_wconf 93' lang='lat' dir='ltr'><strong>ut</strong></span> <span class='ocrx_word' id='word_1_454' title='bbox 1940 2898 2105 2952; x_wconf 89' lang='lat' dir='ltr'><strong>ineptas</strong></span> <span class='ocrx_word' id='word_1_455' title='bbox 2135 2898 2188 2941; x_wconf 93' lang='lat' dir='ltr'><strong>de</strong></span> <span class='ocrx_word' id='word_1_456' title='bbox 2217 2910 2267 2941; x_wconf 91' lang='lat' dir='ltr'><strong>eo</strong></span> <span class='ocrx_word' id='word_1_457' title='bbox 2295 2897 2460 2941; x_wconf 80' lang='lat' dir='ltr'><strong>fabulas</strong></span> <span class='ocrx_word' id='word_1_458' title='bbox 2487 2895 2706 2953; x_wconf 81' lang='lat' dir='ltr'><strong>fingerent,</strong></span> 
     </span>
     <span class='ocr_line' id='line_1_37' title="bbox 219 2976 2705 3033; baseline -0 -13"><span class='ocrx_word' id='word_1_459' title='bbox 219 2987 392 3020; x_wconf 88' lang='lat' dir='ltr'><strong>necesse</strong></span> <span class='ocrx_word' id='word_1_460' title='bbox 422 2981 500 3030; x_wconf 91' lang='lat' dir='ltr'><strong>est,</strong></span> <span class='ocrx_word' id='word_1_461' title='bbox 531 2976 806 3020; x_wconf 90' lang='lat' dir='ltr'><strong>Homerum</strong></span> <span class='ocrx_word' id='word_1_462' title='bbox 836 2977 1105 3032; x_wconf 90' lang='lat' dir='ltr'><strong>aliquanto</strong></span> <span class='ocrx_word' id='word_1_463' title='bbox 1135 2977 1281 3033; x_wconf 87' lang='lat' dir='ltr'><strong>prius</strong></span> <span class='ocrx_word' id='word_1_464' title='bbox 1310 2977 1521 3030; x_wconf 86' lang='lat' dir='ltr'><strong>vixisse,</strong></span> <span class='ocrx_word' id='word_1_465' title='bbox 1554 2989 1701 3032; x_wconf 90' lang='lat' dir='ltr'><strong>quam</strong></span> <span class='ocrx_word' id='word_1_466' title='bbox 1731 2976 1966 3021; x_wconf 88' lang='lat' dir='ltr'><strong>coloniae</strong></span> <span class='ocrx_word' id='word_1_467' title='bbox 1994 2977 2045 3020; x_wconf 93' lang='lat' dir='ltr'><strong>in</strong></span> <span class='ocrx_word' id='word_1_468' title='bbox 2072 2976 2246 3020; x_wconf 89' lang='lat' dir='ltr'><strong>Asiam</strong></span> <span class='ocrx_word' id='word_1_469' title='bbox 2283 2976 2537 3021; x_wconf 89' lang='lat' dir='ltr'><strong>deductae</strong></span> <span class='ocrx_word' id='word_1_470' title='bbox 2576 2978 2705 3020; x_wconf 88' lang='lat' dir='ltr'><strong>sunt.</strong></span> 
     </span>
    </p>
   </div>
   <div class='ocr_carea' id='block_1_3' title="bbox 372 3202 641 3246">
    <p class='ocr_par' dir='ltr' id='par_1_5' title="bbox 372 3202 641 3246">
     <span class='ocr_line' id='line_1_38' title="bbox 372 3202 641 3246; baseline 0 -12"><span class='ocrx_word' id='word_1_471' title='bbox 372 3204 399 3246; x_wconf 86' lang='lat'><strong>¹)</strong></span> <span class='ocrx_word' id='word_1_472' title='bbox 423 3213 455 3245; x_wconf 89' lang='lat' dir='ltr'><strong>p.</strong></span> <span class='ocrx_word' id='word_1_473' title='bbox 481 3202 546 3236; x_wconf 84' lang='lat'><strong>165</strong></span> <span class='ocrx_word' id='word_1_474' title='bbox 570 3213 641 3246; x_wconf 84' lang='lat' dir='ltr'><strong>sqq.</strong></span> 
     </span>
    </p>
   </div>
  </div>
 </body>
</html>
