3008 3711
248 276 1750 338 25:„oebchci10qad31aammoieqnivfflutemoepbct6w.“
1807 275 2724 332 Quoquidmloconeunmadjoeem

248 357 306 402 de
331 370 434 403 vera
459 358 624 403 insulae
649 351 874 402 altitudine
899 355 1078 412 intelligi
1095 359 1268 411 potest,
1310 359 1363 420 ut
1388 356 1585 412 sequenti
1607 367 1736 401 versu
1771 360 1931 412 τρηχεῖα
1967 353 2022 397 de
2049 354 2141 409 eius
2169 355 2402 410 asperitate
2428 353 2601 409 dicitu,
2644 353 2724 399 sed

249 439 431 492 unoque
457 448 513 481 ea
537 435 699 491 species
725 435 955 488 minatur,
1003 447 1131 489 quam
1158 432 1298 479 insula
1323 435 1470 489 procul
1497 434 1769 490 conspfiienti
1794 433 1991 489 praebet,
2034 436 2081 476 et
2105 433 2297 491 χθαμαλή
2326 432 2500 489 ιῃιιίιὶιιιιιΙ
2523 433 2628 476 nihil
2652 435 2724 477 est

247 515 331 560 nisi
373 515 444 567 „in
469 514 580 558 mari
613 515 835 568 ραι-των
865 513 1052 568 (proprie
1079 512 1224 566 „humi
1245 513 1457 568 jacens“)‚
1504 511 1788 569 πανυπερτάτη
1815 515 1978 566 autem,
2021 511 2288 567 conjunctum
2323 523 2418 554 cum
2452 511 2557 569 πρὸς
2583 511 2723 568 ζόφου,

249 590 319 636 est
345 591 554 643 „maxime
581 591 638 635 ad
665 591 1010 646 septemtrionem
1037 594 1274 646 speonnam
1317 592 1431 646 quod
1456 592 1664 647 probatur
1690 590 1846 634 additis
1873 590 2034 633 verbis:
2082 591 2154 642 „ai
2181 590 2231 634 δι’
2252 591 2286 633 τ’
2319 587 2469 633 ἄνευθε
2504 589 2607 645 πρὸς
2630 591 2722 634 Ἠοῖ

249 671 283 714 τ’
311 667 472 713 ’Haud’
499 673 583 722 τε“,
612 662 771 723 quibus
793 672 959 713 ceterae
985 668 1149 712 imulae
1174 668 1311 724 magis
1337 669 1556 712 meridiem
1582 680 1731 713 versus
1759 667 1869 710 sitae
1896 680 1991 710 esse
2017 667 2223 711 dicuntur.
2250 667 2348 710 Non
2376 670 2520 710 autem
2549 666 2722 711 dubium

249 749 330 800 est,
358 746 460 801 quin
487 760 540 790 ex
564 746 854 801 Peloponneso
879 746 976 790 illas
1002 746 1164 790 insulas
1190 731 1373 789 intuenti
1398 747 1462 790 ita
1488 747 1655 802 positae
1683 746 2004 800 conspiciantur,
2033 749 2083 789 ιιι
2100 748 2229 801 poeta
2247 745 2360 790 dicit.
2387 745 2534 790 Etiam
2549 744 2629 790 od.
2643 745 2720 799 111,

248 826 333 868 272
369 823 468 881 ,τὴν
496 825 528 869 8
561 824 712 870 ἐθέλων
740 825 965 880 {odimur
991 812 1192 883 ἀνήγαγεν
1222 823 1312 870 ὅνδε
1340 824 1533 881 &poro-⁴³⁴⁴
1569 824 1753 869 fortasse
1789 824 1844 867 ab
1881 824 2020 879 aliquo
2060 824 2221 880 scripta
2263 827 2382 878 sunt,
2440 825 2514 880 qui
2549 824 2722 868 domum

248 903 443 958 Aegisthi
470 904 558 947 suis
586 904 716 948 oculis
743 904 789 946 iu
816 904 930 947 edito
965 904 1058 948 loeo
1085 905 1213 947 sitam
1241 904 1426 947 vidisset.
1490 903 1608 956 Quae
1648 904 1903 958 interpretes
1945 903 2001 945 ad
2035 903 2287 946 sententiam
2329 903 2585 947 contrariam
2620 913 2723 958 pro-

247 981 432 1026 bandam
460 994 512 1026 ex
538 982 674 1036 ILIX,
704 983 731 1025 5
760 981 998 1039 (etxxm,
1015 982 1257 1038 193—230)
1284 986 1330 1025 et
1357 994 1408 1026 ex
1435 982 1553 1036 ILII,
1570 982 1653 1028 535
1679 985 1725 1025 et
1744 982 1826 1024 626
1855 981 2121 1036 collegerunt,
2151 993 2207 1032 ea¹
2226 981 2316 1036 jam
2345 993 2372 1024 a
2399 981 2448 1025 Β.
2477 980 2721 1026 Thierschio

247 1059 988 1117 LLp.264sqq.recterefi1tata
1016 1063 1157 1125 sunt..

285 1173 322 1188 x
454 1140 553 1185 Jam
579 1143 631 1183 ut
657 1151 730 1194 ea,
769 1151 878 1194 quae
905 1138 1043 1185 adhuc
1069 1134 1397 1195 disputavimus,
1428 1138 1850 1195 comprehendamus,
1879 1142 2078 1194 apparet,
2108 1138 2379 1183 Homerum
2408 1140 2575 1182 totum
2603 1149 2722 1182 ver-

249 1218 356 1262 sari
373 1219 424 1262 in
442 1218 507 1262 iis
525 1218 679 1263 rebus
697 1217 991 1272 narrandis,
1021 1230 1151 1273 quae
1168 1217 1251 1262 vel
1268 1217 1405 1261 bello
1424 1218 1645 1274 Trojano
1673 1218 1754 1262 vel
1782 1217 1961 1275 paullo
1988 1221 2109 1273 post
2136 1220 2323 1273 gestae
2338 1206 2477 1271 sunt,
2506 1217 2721 1261 eundem

248 1300 544 1342 accuratam
587 1300 786 1341 tantum
829 1285 858 1340 a
899 1297 945 1340 ri
982 1296 1210 1352 Trojani‚
1253 1296 1613 1352 Peloponnesi,
1643 1297 1859 1341 Ithacae
1895 1296 2116 1352 prodere
2144 1295 2502 1351 cognitionem.
2559 1294 2721 1348 Quibus

249 1387 376 1430 quam
412 1375 519 1420 bene
554 1379 696 1420 cetera
723 1387 848 1431 respo
878 1375 1026 1430 deant,
1070 1387 1181 1420 nunc
1215 1375 1459 1419 videbimus.
1514 1376 1575 1420 Et
1599 1375 1783 1431 primum
1811 1375 1981 1431 quidem
2009 1375 2067 1419 ad
2093 1374 2315 1432 nonnullas
2342 1387 2412 1419 res
2439 1377 2721 1427 transeamus,

249 1465 356 1508 quas
383 1453 593 1498 Homerus
621 1454 746 1509 longe
773 1453 898 1497 aliter
924 1455 1125 1508 narravit,
1156 1465 1283 1509 quam
1311 1448 1342 1497 ii
1368 1458 1540 1509 poetae,
1590 1454 1663 1509 qui
1697 1454 1885 1513 proxime
1913 1465 2011 1497 eum
2039 1456 2305 1509 exceperunt,
2337 1452 2503 1509 Cyclici.
2560 1452 2721 1496 Notum

248 1535 328 1585 est,
360 1531 548 1587 Cyclicos
576 1536 744 1587 poetas,
775 1545 881 1586 quos
909 1536 1059 1576 octavo
1088 1536 1133 1575 et
1158 1533 1358 1587 proximis
1387 1532 1582 1587 deinceps
1611 1533 1790 1576 saeculis
1818 1533 1863 1575 in
1890 1532 2017 1577 Jonia
2043 1531 2236 1576 floruisse
2273 1532 2448 1584 scimus,
2478 1534 2603 1574 tanta
2629 1531 2720 1574 Ho-

247 1609 354 1653 meri
394 1610 631 1653 reverentia
666 1610 816 1654 ductos
859 1623 971 1663 esse,
1018 1614 1070 1654 ut
1105 1610 1294 1654 carmina
1328 1622 1408 1654 sua
1435 1611 1601 1654 omnino
1630 1610 1720 1665 ejus
1748 1610 1994 1654 auctoritati
2021 1614 2066 1654 et
2093 1610 2252 1654 nomini
2279 1609 2518 1653 subderent„
2577 1609 2720 1662 Quare

249 1687 285 1730 si
313 1685 495 1731 formam
524 1691 705 1743 spectas,
735 1701 862 1742 quam
891 1688 1079 1743 proxime
1107 1687 1164 1731 ad
1189 1687 1422 1731 Homerum
1451 1688 1649 1732 accedere
1678 1688 1940 1741 studuerunt,
1971 1700 2080 1743 quae
2109 1700 2261 1732 caussa
2287 1687 2389 1741 fuit,
2428 1700 2503 1731 cur
2531 1687 2723 1730 carmina

177 1786 181 1790 ·
251 1765 398 1809 eorum
425 1778 513 1810 non
535 1778 634 1810 raro
662 1767 707 1809 in
733 1778 907 1810 numero
935 1766 1256 1810 Homericorum
1283 1765 1559 1828 referrentur,
1604 1767 1670 1810 sin
1697 1770 1947 1822 argumenta
1975 1769 2165 1820 spectas,
2195 1778 2411 1820 nunquam
2439 1765 2609 1809 easdem
2636 1777 2721 1820 res,

253 1855 360 1897 quas
387 1843 598 1909 Homerus
626 1845 838 1898 tractavit,
866 1847 1059 1899 repetere
1087 1847 1164 1888 aut
1189 1844 1309 1888 novis
1336 1844 1544 1899 poematis
1572 1856 1774 1888 exornare
1802 1845 1896 1888 ausi
1924 1847 2035 1898 sunt,
2063 1856 2118 1888 ne
2150 1843 2290 1888 divino
2317 1843 2379 1888 illi
2396 1846 2550 1899 poetae
2577 1855 2722 1887 aemu-

251 1921 344 1975 lari,
375 1921 488 1976 quod
514 1920 633 1966 nefas
664 1926 790 1976 esset,
819 1921 1072 1976 viderentur,
1103 1922 1179 1967 sed
1206 1935 1313 1978 quas
1341 1922 1412 1967 ille
1438 1935 1523 1966 non
1550 1923 1754 1978 attigerat
1780 1935 1922 1967 rerum
1951 1923 2194 1967 Troicarum
2221 1926 2388 1978 partes,
2418 1934 2505 1975 eas,
2542 1921 2722 1976 quales

250 1997 387 2044 fama
413 1998 664 2045 formatas
693 2004 954 2056 acceperant,
984 2000 1192 2046 canendas
1222 2000 1302 2045 sibi
1330 2004 1581 2046 sumserunt.
1639 2001 1798 2046 Tamen
1824 2000 1916 2045 fieri
1943 2013 2028 2046 non
2054 2002 2205 2057 potuit,
2236 2002 2337 2057 quin
2363 2000 2582 2054 nonnulla,
2612 2013 2722 2055 quae

250 2077 462 2122 Homerus
490 2091 555 2138 ex,
568 2079 663 2123 aliis
690 2078 883 2135 partibus
910 2079 1010 2123 belli
1037 2079 1141 2124 data
1168 2080 1387 2124 occasione
1427 2080 1575 2135 paucis
1616 2080 1756 2124 verbis
1794 2084 2112 2134 commemorat,
2161 2080 2289 2124 etiam
2325 2093 2352 2123 a
2382 2079 2554 2135 cyclicis
2581 2079 2720 2134 poetis

251 2160 535 2200 narrarentur.
594 2158 691 2202 Jam
721 2158 757 2201 si
784 2170 929 2202 verum
959 2162 1084 2212 esset,
1115 2158 1228 2213 quod
1254 2158 1399 2202 multis
1426 2158 1641 2213 probatur,
1670 2171 1740 2202 res
1761 2158 1975 2213 Trojanas‚
2003 2171 2082 2213 per
2108 2159 2243 2202 multa
2271 2158 2441 2202 saecula
2459 2158 2719 2213 singulorum

250 2237 471 2287 poetarum
501 2235 754 2279 carminibus
781 2235 986 2280 formatas
1015 2240 1060 2280 et
1087 2234 1267 2290 effictas,
1315 2240 1466 2291 postca
1493 2236 1616 2280 unius
1643 2236 1817 2280 Homeri
1852 2237 2018 2280 nomine
2047 2240 2217 2280 coactas
2255 2240 2300 2279 et
2327 2236 2582 2291 compositas
2610 2248 2718 2289 esse,

249 2311 429 2364 paullo
457 2315 600 2355 autem
630 2314 763 2356 serius
799 2326 893 2367 eas,
942 2326 1050 2368 quae
1077 2314 1210 2356 Iliade
1238 2316 1282 2356 et
1311 2313 1501 2369 Odyssea
1527 2313 1711 2356 nondum
1740 2314 2070 2367 continerentur,
2114 2326 2141 2357 a
2170 2313 2344 2369 cyclicis
2371 2313 2510 2368 poetis
2538 2313 2720 2357 tractari

251 2393 422 2442 coeptas
451 2401 563 2444 esse,
592 2402 668 2433 nec
696 2394 819 2434 tanta
846 2392 1020 2434 Homeri
1048 2391 1162 2446 apud
1188 2391 1266 2434 hos
1293 2392 1529 2435 reverentia
1556 2390 1726 2445 fuisset,
1755 2395 1823 2445 ut,
1854 2404 1960 2447 quas
1987 2392 2087 2436 belli
2113 2394 2259 2447 partes
2287 2392 2341 2435 in*
2358 2391 2597 2435 Homericis
2625 2402 2720 2436 car·

249 2466 430 2509 minibus
453 2467 543 2520 jam
572 2471 778 2510 tractatas
806 2469 1081 2522 invenissent,
1125 2480 1199 2511 eas
1234 2469 1316 2524 ipsi
1343 2469 1552 2525 attingere
1586 2472 1851 2523 vererentur,
1896 2481 2024 2525 quum
2053 2470 2252 2514 Arctinus
2280 2472 2326 2513 et
2352 2467 2538 2514 Lesches
2567 2468 2721 2526 'rtojae

250 2546 508 2588 eversionem
546 2550 725 2598 uterque
754 2559 905 2589 canere
940 2559 1025 2589 non
1052 2547 1314 2599 dubitarent,
1361 2559 1439 2589 nec
1465 2547 1604 2590 hercle
1631 2550 1752 2589 tanta
1775 2547 1865 2602 jam
1892 2548 1937 2589 in
1964 2548 2173 2591 nonnullis
2199 2547 2349 2602 rebus,
2398 2559 2507 2604 quas
2548 2547 2721 2603 utrique

251 2614 692 2677 commemoraverunt,
722 2625 944 2668 diversitas
973 2626 1301 2680 conspiceretur,
1350 2629 1510 2679 quanta
1549 2626 1662 2668 iuter
1688 2626 1918 2669 Homerum
1947 2630 1992 2669 et
2021 2626 2207 2682 Cyclicos
2242 2629 2394 2681 poetas
2436 2626 2662 2671 intercedit
2677 2626 2718 2681 ¹).

248 2701 359 2747 Nam
398 2701 568 2757 cyclici,
617 2717 725 2757 quae
767 2704 954 2758 ipsorum
991 2718 1093 2759 erga
1119 2705 1351 2748 Homerum
1387 2705 1622 2747 reverentia
1657 2709 1769 2757 erat,
1797 2706 1842 2748 in
1868 2707 1924 2747 iis
1948 2707 2170 2749 narrandis
2198 2719 2283 2749 non
2309 2711 2513 2760 poterant
2538 2707 2719 2748 multum

249 2779 304 2825 ab
333 2780 517 2826 Homero
547 2779 786 2836 deflectere,
829 2782 911 2827 nisi
938 2782 1063 2837 longo
1091 2783 1294 2836 temporis
1324 2784 1462 2837 spatio
1489 2798 1557 2826 res
1580 2783 1671 2837 jam
1699 2782 1813 2825 fama
1840 2789 2031 2827 mutatae
2066 2790 2111 2827 et
2138 2786 2264 2828 aliter
2291 2786 2502 2828 formatae
2528 2785 2718 2827 fuissent.

248 2856 434 2904 Afferam
462 2860 680 2914 nonnulla,
729 2875 779 2904 ex
808 2860 960 2915 quibus
989 2862 1096 2905 satis
1122 2862 1399 2915 intelligetur,
1447 2864 1716 2905 Homerum
1759 2863 1921 2904 multa
1963 2864 2192 2917 simplici
2233 2865 2439 2906 ratione
2481 2875 2717 2915 narrare,

249 2950 380 2992 quae
421 2942 541 2993 post
568 2953 676 2983 eum
719 2940 880 2984 variis
922 2939 1115 2984 fabulis
1159 2945 1311 2985 aucta
1347 2945 1399 2983 et
1426 2954 1638 2994 prorsus
1665 2946 1866 2985 mutata
1896 2943 2089 2996 Cyclici
2116 2947 2307 2997 poetae
2342 2946 2718 2986 tractaverunt.

400 3155 427 3201 ¹)
449 3155 615 3189 Levitatis
639 3160 733 3190 certe
757 3160 827 3196 est,
861 3155 919 3190 nbi
942 3157 1131 3200 quaeritur,
1166 3166 1247 3190 num
1270 3156 1390 3190 Iliadis
1414 3161 1450 3190 et
1472 3156 1647 3198 Odysseae
1670 3158 1761 3191 idem
1791 3158 1894 3191 fuerit
1915 3161 2051 3198 auctor,
2089 3158 2303 3193 diversitates
2326 3167 2408 3192 nne
2433 3157 2593 3203 exigna,
2628 3168 2717 3201 quae

451 3213 539 3246 inter
562 3212 629 3246 duo
652 3213 712 3246 illa
735 3214 885 3265 carmina
906 3212 1138 3253 intercedunt,
1160 3223 1283 3257 urgere
1308 3218 1345 3247 et
1366 3223 1503 3257 augere,
1528 3224 1580 3253 ea,
1612 3224 1700 3257 quae
1724 3216 1812 3248 inter
1833 3214 2018 3250 Homerica
2042 3220 2078 3250 et
2101 3216 2237 3258 cyclica
2259 3216 2409 3249 unnim
2431 3220 2513 3249 sum
2534 3215 2717 3249 admodum

452 3270 644 3314 conspicua,
666 3269 738 3304 iere
761 3269 877 3304 videre
900 3270 1040 3311 nolle,
1064 3280 1108 3304 ne
1132 3273 1285 3315 tempora
1314 3271 1414 3306 nimis
1439 3270 1643 3306 dirimantur.
