3008 3711
1301 117 1631 162 —2—

209 286 310 318 non
341 267 531 317 soleam
565 266 774 316 aliorum
808 266 1067 316 hominum
1100 265 1177 315 vel
1210 264 1611 343 doctissimorum
1648 265 1988 314 auctoritatem
2022 265 2162 332 sequi
2175 302 2186 322 ‚
2220 282 2310 315 nec
2344 266 2395 315 in
2428 266 2520 316 hac
2555 284 2710 334 quae-

211 358 372 408 stione
406 358 608 408 nomina
643 364 840 412 terrent,
875 372 966 405 nec
999 371 1204 423 magnus
1235 371 1404 404 eorum
1439 370 1703 405 consensus
1721 355 1785 420 ¹),
1821 354 1920 422 qui‘
1940 371 2097 423 nuper
2131 355 2193 405 de
2226 356 2306 418 his
2327 356 2472 406 rebus
2496 356 2708 424 scripse-

211 457 349 505 runt,
370 465 492 497 nec
526 448 706 497 fiducia
717 448 788 512 2),
842 463 938 513 qua
973 445 1228 513 opiniones
1264 462 1378 495 suas
1412 445 1732 511 protulerunt.
1798 445 1913 494 Alia
1943 445 2068 494 ratio
2103 446 2314 496 ineunda
2346 446 2471 496 mihi
2504 446 2706 504 videtur,

214 557 313 607 qua
347 539 673 594 difficultates,
713 537 890 604 quibus
924 536 1191 586 Homerica
1225 536 1447 603 quaestio
1483 536 1687 592 laborat,
1722 535 1829 584 tolli
1862 537 2068 602 possint,
2107 546 2156 585 et
2179 538 2297 586 dum
2333 538 2417 594 illi,
2454 555 2514 587 ex
2543 539 2708 587 multis

212 631 416 699 singulis
454 628 746 679 carminibus
782 627 990 677 Iliadem·
1025 635 1075 676 et
1111 625 1385 695 Odysseam
1421 627 1701 694 conjunctas
1737 643 1859 683 esse,
1896 627 2151 676 ostendere
2187 635 2435 685 conantur,
2472 620 2561 697 ego
2586 646 2706 697 pro-

137 776 139 778 ,
212 721 321 770 bari
364 737 512 787 posse
549 720 685 774 dico,
745 736 805 767 ex
856 735 952 767 uno
999 719 1133 767 fonte
1168 718 1332 767 omnia
1365 718 1588 772 fluxisse,
1644 723 1909 784 postquam
1943 716 2107 766 autem
2141 717 2192 766 in
2226 718 2492 785 disjunctos
2526 719 2706 770 rivulos

212 829 303 877 per
338 812 524 876 aliquot
559 810 753 859 saecula
789 809 967 857 diffusa
999 809 1217 864 fuerunt,
1260 809 1339 857 vix
1374 808 1574 857 demum
1608 807 2029 857 Pisistratidarum
2066 824 2215 873 opera
2248 808 2431 858 factum
2465 826 2596 865 esse,
2652 818 2706 858 ut

215 901 267 950 in
303 901 400 949 duo
438 900 521 949 illa
557 915 761 965 corpora
807 898 1034 946 redirent.
1106 897 1212 947 Nec
1259 907 1426 947 tamen*
1482 914 1683 963 operam
1734 897 1795 946 ab
1851 897 1945 946 illis
1980 897 2223 964 perditam
2259 897 2487 954 dicimus;
2554 899 2704 948 immo

168 1036 172 1040 .
213 992 446 1057 pleraque
461 1028 472 1046 ,
511 1007 636 1056 quae
672 990 733 1037 dc
767 989 898 1036 mala
933 989 1202 1037 carminum
1240 988 1516 1038 conditione
1562 987 1984 1054 investigaverunt,
2022 988 2262 1054 ejusmodi
2297 997 2422 1044 sunt,
2459 997 2513 1037 ut
2547 990 2705 1039 verius

215 1082 278 1131 de
322 1089 471 1148 poeta
519 1081 718 1147 ejusque
756 1079 1051 1129 carminibus
1089 1079 1308 1146 judicare
1343 1078 1507 1134 liceat3
1568 1077 1657 1128 sed
1689 1077 1809 1145 quid
1850 1076 2052 1155 minutis
2080 1077 2175 1128 illis
2213 1078 2527 1136 carminihm,
2581 1097 2705 1146 quae

211 1173 511 1228 invenerunt,
547 1171 743 1227 faciant,
781 1171 878 1237 ipsi
915 1171 1163 1228 videbunt,
1199 1171 1340 1220 nobis
1377 1170 1591 1236 quidem,
1626 1169 1669 1219 si
1707 1186 1765 1218 ea
1801 1169 1864 1218 ad
1897 1169 2087 1236 regulas
2122 1170 2344 1236 poeticae
2380 1171 2495 1220 artis
2521 1172 2705 1221 exami-

213 1279 410 1318 namus,
466 1261 644 1311 nullius
694 1261 918 1311 videntur
965 1262 1112 1328 pretii
1151 1279 1273 1312 csse.
1341 1260 1446 1310 Nec
1494 1278 1660 1310 verum
1696 1269 1793 1316 est,
1847 1277 2041 1310 omnem
2075 1268 2379 1310 venustatem
2411 1260 2704 1311 Homericae

212 1371 424 1422 poeseos
460 1354 512 1403 in
544 1352 845 1420 singularum
877 1353 1092 1420 partium
1123 1353 1486 1419 pulchritudine
1521 1352 1735 1419 positam
1785 1367 1916 1408 csse,
1953 1352 2103 1401 immo
2146 1352 2378 1419 pleraque
2412 1359 2603 1403 tantum
2639 1350 2706 1403 ob

212 1444 266 1494 id
300 1444 464 1510 ipsum
500 1443 688 1492 animos
724 1451 916 1492 nostros
953 1450 1002 1492 et
1025 1451 1223 1492 movent
1258 1451 1307 1492 et
1340 1442 1599 1498 delectant,
1636 1441 1768 1508 quod
1791 1440 2009 1491 suumin
2040 1441 2268 1491 alterutro
2288 1451 2515 1508 poemate
2542 1443 2704 1492 locum

215 1544 470 1600 occupant.
541 1531 805 1582 Caeterum
847 1533 942 1582 nisi
977 1542 1171 1599 tempus
1220 1542 1270 1582 et
1302 1534 1428 1583 vires
1464 1551 1543 1582 me
1579 1532 1818 1587 deficient,
1863 1533 1914 1581 in
1946 1540 2197 1598 posterum
2231 1533 2420 1600 singula
2455 1533 2702 1600 attingam,

189 1637 342 1672 ‘nunc
377 1625 497 1689 quid
531 1624 654 1671 mihi
691 1625 752 1671 de
791 1633 896 1671 tota
934 1625 1220 1689 quaestione
1256 1624 1522 1672 Homerica
1553 1624 1710 1672 visum
1747 1624 1826 1678 sit,
1862 1639 2150 1689 proponam.

375 1818 403 1861 ¹)
427 1816 572 1851 Praeter
595 1815 756 1851 Woffium
782 1820 817 1850 et
839 1815 1096 1851 Lachmannum
1119 1816 1251 1852 nomino
1276 1816 1475 1861 Hauptium,
1502 1817 1681 1855 cauerum,
1705 1815 1942 1856 Ribbeckinm,
1959 1815 2142 1856 Rhodium,
2165 1815 2342 1856 Jacobum,
2357 1815 2561 1858 Ksschlyum,
2578 1816 2702 1851 Kirch-

422 1875 573 1913 hoifium‚
600 1873 793 1906 Bonitzium
816 1873 873 1905 all.

368 1945 398 1986 2)
423 1945 464 1976 cf.
488 1944 611 1975 Bonitz
634 1942 773 1980 „Ueber
797 1942 864 1973 den
888 1941 1066 1984 Ursprung
1090 1942 1151 1975 der
1173 1942 1419 1976 Homerischen
1443 1942 1634 1976 Gedichte“
1669 1954 1700 1986 p.
1725 1942 1788 1976 2T:
1826 1942 1976 1982 „Dar-an,
2001 1942 2081 1975 dass
2105 1942 2140 1974 in
2169 1943 2444 1988 urspriinglicher
2466 1942 2700 1989 Selbstxndig-

424 2002 500 2035 keit
524 2002 581 2034 ein
603 1999 759 2037 Dichter,
784 2009 821 2032 er
843 1999 959 2032 heisse
983 1999 1171 2037 Homeros,
1208 2000 1275 2033 den
1297 1999 1498 2043 Sagenstoff
1515 2002 1629 2033 seinos
1654 2000 1785 2033 Vonoes
1808 2011 1851 2033 zu
1875 2001 1936 2033 der
1958 2000 2133 2044 Dichtung
2154 2000 2239 2033 Ilias
2263 2002 2427 2044 gest-lton».
2449 2001 2556 2039 lube,
2593 2002 2702 2035 denkt

417 2060 506 2101 jetzt
517 2056 678 2090 niemand
689 2056 796 2095 mehr,
807 2055 871 2090 der
883 2055 938 2089 die
950 2055 1193 2100 Fragepunkte
1213 2056 1364 2091 wirklich
1383 2059 1505 2097 kennt3
1531 2057 1610 2091 dass
1631 2057 1707 2091 dem
1720 2057 1874 2091 Urheber
1886 2057 1947 2093 det
1964 2057 2047 2092 Ilias
2059 2059 2167 2092 &ltere
2180 2057 2406 2092 Einzellieder
2416 2059 2595 2102 vorlagen,
2620 2059 2701 2092 dass

422 2125 460 2148 er
483 2115 599 2148 solche
624 2115 659 2146 in
683 2115 778 2147 seine
803 2112 1159 2146 zusammenfassendo
1183 2112 1357 2158 Dichtung
1388 2115 1475 2147 ohne
1501 2114 1694 2148 erhebliche
1719 2113 1928 2158 Aenderung
1951 2114 2130 2153 auinahm,
2171 2114 2250 2148 dass
2286 2114 2340 2148 die
2365 2114 2631 2158 Widerspriiche
2656 2134 2700 2141 —

425 2172 509 2205 oder
532 2172 597 2204 vie
621 2181 702 2204 man
723 2170 894 2203 mildemd
915 2181 958 2203 zu
981 2180 1089 2214 sagen
1111 2171 1240 2204 beliebt
1262 2171 1368 2214 (sic!),
1392 2171 1448 2204 die
1473 2170 1736 2204 Unebenheiten
1759 2190 1803 2195 -—
1828 2170 1882 2204 die
1907 2171 1980 2204 sich
2003 2172 2133 2215 zeigen,
2166 2171 2254 2205 eben
2284 2182 2346 2204 aus
2372 2171 2484 2205 dieser
2507 2172 2701 2206 Aufnahme

421 2228 492 2261 und
516 2228 768 2270 Verkniipfnng
792 2238 857 2260 von
881 2227 1013 2260 alteren
1036 2226 1183 2260 Liedern
1207 2227 1411 2266 herrsrhren,
1448 2227 1510 2260 das
1534 2227 1618 2260 wird
1641 2238 1707 2260 von
1731 2227 1797 2260 den
1821 2228 2121 2262 entschiedensten
2153 2228 2224 2262 und
2257 2228 2364 2262 durch
2395 2229 2466 2262 ihre
2490 2229 2702 2275 Leistungen

424 2285 699 2319 bedentendsten
723 2284 962 2318 Wortfflhreru
987 2284 1048 2318 der
1072 2284 1316 2318 einheitlichen
1340 2285 1570 2328 Composition
1595 2285 1655 2318 der
1680 2285 1760 2318 Ilias
1786 2284 2009 2319 anerkannt.“
