3008 3711
271 267 413 322 rebus
428 267 620 325 Trojanis
649 268 920 322 exstiterint,
966 268 1032 312 ita
1063 267 1352 325 conglutinam
1388 269 1601 325 potuisse,
1648 272 1700 314 ιιι
1726 269 1870 314 omnia
1902 270 2009 315 satis
2035 271 2247 326 probabili
2271 272 2438 319 ratione
2464 273 2753 320 cohaereant.

271 347 384 392 Nam
411 347 565 393 satis
574 347 803 392 cohaerere
828 359 894 400 ea,
922 347 1110 396 omnim
1134 346 1227 392 iore
1243 359 1389 403 usque
1415 348 1474 392 ad
1499 347 1698 393 Wolfium
1725 349 1946 393 doctorum
1972 349 2189 394 bominum
2215 363 2423 396 consensu
2449 352 2675 408 probatur,
2703 357 2753 398 et

271 424 1066 481 utexanfiqmmonom'meutar‚
1108 424 2147 482 Aristotelesquidemexhismminibusdisci
2180 441 2307 484 posse
2342 429 2426 484 ait,
2469 430 2608 487 qualis
2641 431 2751 487 epici

269 503 475 553 caminis
494 505 542 548 et
566 505 723 548 namra
749 505 795 550 et
819 500 958 548 forma
984 514 1079 549 esse
1105 503 1271 550 debeat.
1327 504 1388 550 At
1413 504 1526 550 enim
1552 504 1615 550 illi
1641 504 1906 561 interpretes
1934 506 2127 562 poeticae
2143 505 2322 552 rationis
2349 507 2456 552 satis
2473 508 2749 566 negligentes,

269 594 423 638 parum
448 580 658 636 respicere
685 580 901 635 videntur,
944 573 1073 637 quam
1099 582 1237 628 multa
1262 583 1369 638 sint,
1413 595 1522 639 qnae
1549 596 1627 628 nos
1655 587 1809 639 cogant
1835 587 2007 640 putare,
2050 597 2179 630 unam
2207 585 2376 630 illorum
2403 586 2750 646 carminumvfor-

269 672 384 706 mam
421 661 468 704 et
492 672 623 705 unum
652 659 775 716 quasi
811 672 963 716 corpus
991 673 1098 715 esse,
1141 664 1187 707 et
1214 661 1314 708 dnm
1342 662 1509 719 singula
1534 664 1856 719 perscrutantur
1891 663 2098 719 iniisque
2125 663 2261 710 multa
2288 663 2460 719 manca,
2502 665 2639 710 multa
2665 666 2750 711 sibi

267 737 485 783 contraria
522 737 798 795 investigant,
845 751 931 783 non
971 739 1273 795 deplorabilem
1299 740 1444 785 multis
1471 741 1574 786 locis
1602 740 1882 786 conditionem
1910 741 2140 786 carminum
2175 754 2270 787 esse
2298 742 2470 797 docent,
2519 742 2597 787 sed
2622 754 2676 788 ea
2702 744 2748 788 ιιι

267 820 415 872 partes
441 817 766 862 innumerabiles
793 817 1024 863 dilacerare
1060 818 1240 863 malunt.
1297 819 1358 863 At
1397 832 1507 866 nunc
1546 821 1592 864 in
1628 819 1769 864 animo
1806 833 1890 864 non
1917 824 2004 875 est,
2035 821 2220 876 singulos
2248 820 2460 876 refellere3
2507 821 2589 866 hoc
2615 834 2745 866 unum

267 907 430 949 moneo,
459 895 547 940 fere
576 896 735 950 omnia,
784 909 894 952 quae
922 897 1002 951 illi,
1046 910 1122 943 cur
1147 909 1278 942 unum
1305 901 1477 954 poetam
1504 899 1738 943 Homerum
1774 897 1904 943 fuisse
1932 903 2147 955 negarent,
2178 899 2259 944 sibi
2286 900 2367 944 visi
2395 903 2495 945 sunt
2522 900 2745 954 invenisse,

267 976 384 1019 stare
411 987 557 1030 posse,
595 974 763 1020 etiamsi
789 987 919 1020 unum
947 988 1044 1021 eum
1071 975 1201 1021 fuisse
1227 978 1448 1032 putamus,
1479 976 1705 1022 dummodo
1733 979 1921 1032 tempus,
1949 989 2043 1032 quo
2071 977 2232 1032 vixerit,
2263 981 2308 1022 et
2335 981 2506 1032 sortem,
2537 990 2623 1034 qua
2651 991 2745 1024 car-

265 1053 381 1097 mina
408 1056 508 1108 post
534 1053 653 1097 illum
680 1065 759 1097 usa
788 1053 884 1107 sint,
913 1031 1198 1109 respiciAmua
1226 1055 1319 1100 Hoc
1346 1055 1458 1099 enim
1485 1055 1666 1099 maxime
1694 1055 1756 1099 illi
1782 1067 1957 1110 peccare
1982 1055 2188 1109 videntur,
2218 1055 2332 1110 quod
2358 1056 2546 1100 rationes
2574 1056 2746 1100 nostri

266 1132 470 1185 temporis
498 1132 555 1173 ad
581 1135 791 1174 vetusta
819 1132 891 1173 illa.
919 1135 1132 1186 tempora,
1177 1133 1328 1186 quibus
1356 1133 1580 1176 Homerica
1607 1134 1750 1188 poesis
1779 1137 1876 1176 orta
1904 1137 1983 1188 est,
2013 1133 2292 1185 transfenmt,
2336 1146 2414 1176 nec
2442 1134 2549 1176 satis
2577 1138 2742 1186 curant,

265 1221 350 1264 quo
378 1209 504 1254 modo
531 1211 742 1271 Homerus
770 1210 957 1255 carmina
983 1223 1062 1254 sua
1090 1212 1158 1255 vel
1183 1212 1369 1267 invenire
1395 1212 1462 1255 vel
1488 1212 1671 1267 posteris
1699 1212 1870 1256 tradere
1897 1212 2095 1267 potuerit.
2154 1211 2263 1265 Quid
2281 1211 2392 1256 enim
2419 1211 2608 1267 impedit,
2637 1224 2745 1267 quo-

264 1288 404 1332 minus
432 1289 663 1342 credamus,
692 1289 945 1341 Homerum,
975 1302 1124 1343 quum,
1155 1302 1264 1344 quae
1291 1294 1433 1334 mente
1460 1294 1728 1346 conceperat,
1766 1290 1971 1334 memoria
2005 1291 2088 1345 ipsi
2116 1291 2324 1333 servanda
2351 1295 2514 1343 essent,
2557 1303 2635 1335 nec
2660 1290 2745 1335 nisi

264 1367 452 1422 singulas
481 1367 675 1422 deinceps
702 1371 848 1422 partes
877 1368 1108 1412 carminum
1136 1381 1308 1413 suorum
1335 1367 1492 1423 fingere
1519 1356 1677 1423 posset,
1707 1369 1842 1412 multa
1869 1369 2037 1423 ipsum
2065 1368 2284 1422 cecinisse,
2315 1380 2425 1423 quae
2452 1380 2604 1423 parum
2632 1368 2745 1411 inter

264 1458 311 1490 se
340 1446 623 1500 cohaererent,
653 1447 843 1501 adeoque
871 1447 1106 1491 accuratius
1135 1447 1559 1491 animumadvertenti
1587 1460 1727 1492 secum
1755 1460 1946 1503 pugnare
1972 1447 2245 1491 viderentur?
2301 1447 2424 1500 Quod
2450 1447 2607 1490 nostris
2634 1450 2743 1490 tem—

262 1524 437 1579 poribus
478 1523 571 1568 fieri
611 1538 695 1569 non
730 1528 884 1579 potest.
941 1526 1099 1569 Poetae
1135 1526 1246 1570 enim
1284 1526 1441 1579 nostri,
1485 1539 1614 1580 quum
1651 1526 1830 1580 scriptos
1867 1526 1998 1569 libros
2027 1538 2127 1569 suos
2156 1526 2278 1580 quasi
2307 1538 2391 1569 uno
2420 1525 2573 1568 obtutu
2599 1524 2742 1580 perlu-

262 1607 402 1648 strare
429 1604 613 1659 possint,
657 1603 777 1648 facile
815 1616 866 1648 ea
895 1604 1227 1660 deprehendent,
1264 1616 1374 1660 quae
1401 1604 1512 1647 inter
1539 1616 1586 1648 se
1614 1604 1819 1648 dissident
1847 1607 1923 1648 aut
1950 1604 2061 1648 male
2090 1604 2310 1659 conjuncta
2338 1607 2448 1647 sunt
2505 1602 2742 1649 Homericis

262 1686 407 1728 autem
434 1682 687 1728 carminibus
715 1682 852 1738 majus
890 1683 1019 1727 ctiam
1048 1683 1248 1727 damnum
1275 1681 1421 1727 inferri
1447 1683 1636 1739 potuisse
1671 1687 1869 1738 apparet,
1918 1686 2144 1738 postquam
2187 1683 2242 1726 ab
2286 1682 2408 1725 aliis
2452 1683 2547 1726 cani
2591 1685 2743 1738 coepta

262 1765 382 1814 sunt,
427 1762 677 1816 praesertim
707 1773 836 1815 quum
872 1762 1062 1817 plerique
1097 1774 1183 1806 non
1210 1765 1304 1806 tota
1332 1762 1518 1806 carmina
1554 1762 1630 1806 sed
1659 1761 1845 1816 singulas
1875 1765 2042 1805 tantum
2071 1765 2217 1816 partes
2249 1761 2330 1805 sibi
2356 1760 2596 1805 recitandas
2625 1773 2741 1805 sum-

262 1839 371 1884 sisse
398 1839 630 1884 videantur.
689 1838 758 1884 Sic
786 1851 915 1894 quum
943 1853 1022 1896 per
1047 1839 1183 1904 mulssz
1211 1839 1380 1884 saecula
1407 1852 1481 1885 ore
1509 1843 1676 1885 tantum
1695 1842 1933 1896 propagata
1963 1843 2007 1883 et
2034 1839 2238 1883 memoria
2267 1841 2438 1883 servata.
2466 1842 2619 1893 essent,
2648 1836 2742 1882 fieri

261 1930 347 1963 non
374 1919 533 1974 potuit,
583 1918 684 1973 quin
711 1918 1027 1972 mutilarentur,
1072 1918 1494 1972 transformareutur,
1538 1919 1684 1962 multis
1711 1919 1813 1962 locis
1841 1918 2219 1973 interpolarentur,
2256 1918 2504 1983 priusquam
2532 1918 2669 1960 denuo
2696 1917 2741 1960 in

261 2010 392 2042 unum
421 2009 572 2053 corpus
602 2000 860 2054 cogerentur.
917 1998 1129 2042 Nonnulla
1156 1998 1305 2055 igitur,
1348 1999 1393 2042 in
1421 1998 1573 2053 quibus
1601 2010 1710 2042 nunc
1738 1998 1818 2041 viri
1846 1998 1959 2041 docti
1986 1997 2221 2051 offendunt,
2259 1997 2314 2040 ab
2342 1997 2435 2051 ipso
2463 2000 2592 2051 poeta
2618 2008 2740 2051 repe-

261 2076 411 2130 timuS‚
460 2079 628 2122 caetera
671 2075 963 2122 transferimus
990 2076 1036 2120 in
1063 2088 1156 2131 θοε,
1200 2077 1274 2133 qui
1308 2088 1386 2132 per
1413 2079 1481 2120 tot
1508 2076 1676 2122 saecula
1713 2076 1809 2132 ejus
1832 2071 2019 2121 carmina
2047 2079 2331 2120 servaverunt,
2388 2075 2530 2118 Pauca
2558 2076 2738 2127 tannim,

261 2166 371 2211 quae
400 2154 569 2211 quidem
598 2168 624 2200 a
652 2154 825 2210 reliquis
852 2154 973 2201 facile
1002 2155 1182 2200 discerni
1208 2158 1399 2211 possunt,
1429 2158 1521 2199 tum
1549 2154 1696 2200 addita
1725 2159 1835 2209 sunt,
1867 2167 1997 2211 quum
2025 2155 2222 2208 carmina,
2251 2165 2386 2209 usque
2414 2165 2465 2196 eo
2493 2151 2666 2197 confusa
2693 2155 2740 2195 et

259 2233 478 2288 mutilata,
521 2234 565 2277 in
594 2246 710 2287 eum,
760 2233 833 2288 qui
859 2246 970 2278 nunc
999 2237 1077 2287 est,
1107 2234 1296 2278 ordinem
1325 2234 1728 2278 consarcinarentur
1787 2233 1904 2286 Quae
1933 2233 2073 2276 omnia
2102 2245 2185 2287 quo
2213 2232 2349 2287 magis
2385 2231 2610 2286 perspicua
2638 2230 2736 2284 sint,

254 2312 345 2368 jam
374 2313 476 2368 quid
502 2313 594 2367 ipse
623 2313 676 2356 de
703 2313 1023 2357 Homericorum
1051 2313 1282 2356 carminum
1311 2312 1470 2367 origine
1499 2312 1700 2369 sentiam,
1726 2311 1931 2355 indicab0.

465 2392 561 2435 Duo
590 2392 757 2435 omnino
787 2394 955 2435 constat
981 2390 1160 2435 fontium
1187 2402 1343 2446 genera
1371 2402 1485 2444 esse,
1534 2403 1586 2434 ex
1613 2364 1765 2445 quibus
1801 2403 1853 2433 ea
1880 2390 2041 2433 haun‘ri
2076 2393 2275 2444 possunt,
2320 2401 2430 2444 quae
2467 2389 2521 2432 de
2549 2388 2738 2432 Homero

259 2469 326 2515 vel
355 2469 407 2514 de
435 2468 661 2514 Homerica
688 2468 807 2524 poesi
836 2468 1063 2513 statuenda
1091 2480 1185 2513 esse
1213 2467 1445 2512 videantur.
1503 2469 1605 2513 Aut
1633 2469 1764 2513 enim
1793 2480 1851 2512 ex
1878 2468 2273 2513 narrationibus
2303 2468 2619 2513 Graecorum
2647 2466 2742 2525 ajut

259 2562 318 2594 ex
345 2549 476 2604 ipsis
506 2547 822 2593 carminibus
851 2550 1156 2603 argumenta
1183 2547 1408 2603 petenda
1436 2550 1566 2591 sunt.
1595 2548 1661 2591 Ex
1688 2548 1770 2591 illis
1800 2547 1902 2602 quid
1929 2547 2035 2591 disci
2061 2547 2210 2602 possit,
2232 2545 2738 2602 nuperSengebuschiuS,

258 2628 323 2672 vir
351 2626 672 2679 eruditissimuS,
703 2638 832 2682 quum
861 2626 955 2670 aliis
984 2626 1165 2681 scriptis,
1196 2629 1288 2669 tum
1325 2626 1502 2682 egregiis
1532 2626 1696 2670 duabus
1726 2625 2093 2670 dissertationibus
2131 2625 2449 2680 demonstravit,
2481 2625 2634 2680 quibus
2663 2624 2739 2668 ob-

259 2718 406 2751 scuras
435 2708 624 2750 veterum
654 2704 706 2748 de
725 2704 910 2749 Homero
939 2704 1204 2749 narrationes
1232 2704 1295 2748 ita
1323 2703 1566 2758 enucleavit,
1595 2708 1646 2748 ut
1673 2704 1760 2748 fere
1789 2704 1941 2758 omnia,
1972 2716 2082 2760 quae
2101 2703 2153 2748 de
2182 2704 2234 2748 iis
2254 2703 2500 2760 disputavit,
2529 2715 2606 2759 pro
2626 2703 2737 2747 veris

257 2783 406 2828 haberi
433 2783 607 2839 possint.
667 2782 750 2827 Sed
778 2783 816 2827 si
844 2795 913 2837 ea,
963 2795 1072 2838 quae
1100 2782 1170 2827 ille
1199 2795 1251 2827 ex
1286 2782 1400 2827 omni
1435 2782 1689 2837 antiquitate
1732 2783 1961 2838 congessit,
2010 2782 2141 2826 libero
2194 2782 2336 2826 animo
2379 2781 2738 2838 perpenderimuS,

257 2862 381 2907 facile
410 2863 710 2918 intelligemus,
760 2876 811 2907 ex
847 2862 899 2906 iis
937 2862 989 2906 de
1017 2862 1203 2907 Homero
1241 2865 1286 2906 et
1314 2862 1366 2906 de
1404 2862 1561 2918 origine
1589 2862 1909 2906 Homericorum
1940 2862 2173 2906 carminum
2201 2862 2306 2905 nihil
2333 2862 2439 2906 certi
2467 2861 2570 2904 disci
2598 2872 2737 2916 posse.

257 2941 425 2985 Primus
454 2941 576 2996 enim,
608 2942 680 2997 qui
708 2940 874 2984 omnino
904 2940 956 2983 de
984 2941 1169 2984 Homero
1199 2941 1418 2997 scripsisse
1447 2941 1641 2995 traditur,
1672 2941 1914 2997 Theagenes
1934 2940 2150 2996 Rheginus
2177 2939 2266 2983 fere
2295 2944 2470 2983 exeunte
2498 2943 2617 2982 sexto
2636 2942 2738 2982 ante

259 3018 475 3064 Christum
503 3021 672 3065 saeculo
701 3021 814 3064 vixit.
871 3020 948 3063 Illo
977 3022 1120 3065 autem
1150 3024 1340 3077 tempore
1368 3017 1463 3065 viva
1491 3020 1543 3063 de
1571 3021 1756 3064 Homero
1785 3021 1989 3064 memoria
2027 3021 2119 3075 jam
2161 3021 2277 3064 nulla
2313 3020 2403 3063 fuit.
2462 3019 2580 3071 Quae
2608 3019 2739 3073 igitur

257 3101 303 3142 et
330 3098 400 3142 ille
428 3101 492 3153 et,
542 3100 615 3155 qui
642 3102 739 3155 post
768 3111 863 3143 eum
893 3099 1172 3155 scripserunt,
1221 3111 1396 3143 narrare
1424 3103 1642 3154 poterant,
1692 3100 1748 3142 ad
1774 3100 1913 3153 ipsum
1942 3100 2176 3142 Homerum
2213 3111 2296 3142 non
2324 3098 2611 3152 pertinebant,
2661 3098 2741 3139 sed

256 3181 333 3220 aut
361 3178 566 3233 eiusmodi
594 3183 727 3232 erant,
757 3183 806 3221 ut
825 3192 953 3233 quum
979 3180 1031 3221 de
1061 3182 1176 3221 sorte
1205 3182 1249 3221 et
1276 3180 1509 3222 conditione
1538 3180 1769 3222 carminum
1794 3180 1888 3232 Jure
1917 3179 2033 3221 tradi
2060 3180 2308 3232 potuissent,
2339 3178 2395 3219 ad
2422 3178 2561 3231 ipsum
2591 3180 2738 3220 aucto-

249 3267 345 3334 ·rem
374 3267 518 3303 eorum
548 3257 888 3313 transferrentur,
919 3261 994 3303 aut
1023 3261 1259 3304 commenta
1288 3261 1410 3303 erant
1439 3252 1643 3303 serioruni
1671 3258 1897 3302 hominum.
1934 3257 2066 3301 Recte
2095 3257 2223 3313 igitur
2253 3256 2588 3313 Sengebuschius
2617 3254 2736 3309 vidit,
