3008 3711
1309 143 1508 191 -ῃ
1561 170 1653 176 -,

242 301 341 352 Non
366 301 496 357 igitur
515 298 712 343 'debebat
731 293 1072 350 Sengebuschius
1098 296 1346 348 propterea,
1394 292 1508 346 quod
1534 290 1849 335 venustissimae
1882 289 2148 332 narrationes
2175 299 2311 343 usque
2338 287 2395 330 ad
2421 289 2581 342 primas
2608 289 2720 333 colo-

243 370 996 431 niasAthenisdeduetasredfflnt,
1025 366 1941 416 noma-umAthmiensemfnissedicere..
1980 365 2720 422 QuuminaliacaussaeJusopi·

243 458 316 502 nio
342 468 428 500 non
453 455 638 507 nitatur,
685 451 730 495 in
756 450 840 495 hae
866 453 981 495 certe
1008 447 1112 494 nihil
1139 441 1226 503 est,
1269 449 1344 493 c‘ur
1384 451 1590 504 poetam
1632 448 1772 508 ipsum
1808 446 1920 490 inter
1946 445 2106 501 primos
2134 444 2303 488 colonos
2329 444 2462 489 finisse
2487 445 2720 490 credamus.

242 535 338 580 Hoc
365 536 533 578 tantun
561 530 766 585 sequitur,
793 530 843 570 ut
871 528 1100 572 carmina
1125 525 1353 572 Homerica
1374 526 1465 583 jam
1492 539 1587 572 cum
1614 525 1763 582 primis
1791 524 2018 586 colonis-in
2036 523 2183 568 Asiam
2203 522 2462 579 demigrasse
2487 524 2720 569 videantur.

452 610 575 655 Nunc
609 610 766 662 restat,
809 605 860 650 ut
894 610 1084 651 nosti-am
1116 607 1175 661 ‚de
1211 607 1372 663 origine
1397 606 1716 652 Homerioorum
1754 605 1986 649 caminum
2007 603 2267 649 *sententiam
2296 606 2504 658 perpetua
2531 604 2721 649 oratione

246 701 515 746 exponamus.

453 765 573 812 Bello
601 765 781 821 Trojano
809 763 928 810 finito
956 771 1086 821 quum
1115 776 1144 809 a
1170 763 1316 809 multis
1342 764 1481 821 poetis
1497 764 1525 820 ¹)
1561 776 1632 809 res
1669 775 1697 808 a
1726 762 1901 808 Graecis
1938 760 2104 806 fortiter
2130 765 2277 818 gestae
2305 766 2350 806 et
2377 761 2566 815 laboreS,
2616 773 2721 817 quos

246 847 292 890 in
327 845 511 901 patriam
547 844 614 887 vel
649 843 874 888 redeuntes
916 844 984 888 vel
1020 843 1112 899 jam
1147 843 1307 887 reversi
1343 843 1532 899 perpessi
1561 844 1705 894 erant,
1753 840 1868 896 apud
1895 840 2085 885 Achaeos
2113 840 2366 885 carminibus
2394 840 2721 894 celebrarentur,

247 936 358 967 unus
384 926 533 979 poeta,
561 922 772 966 Homerus
780 922 816 977 2)
843 922 1024 978 nomine,
1052 920 1221 976 videtur
1247 920 1481 975 exstitisse,
1518 921 1591 975 qui
1618 922 1782 964 ceteros
1811 931 1955 983 omnes
1983 923 2077 962 arte
2105 930 2185 962 sua
2211 918 2317 962 adeo
2346 917 2629 974 superaverit,
2673 924 2723 962 ut

248 1002 339 1058 ejus
368 1001 498 1046 solius
527 999 714 1046 carmina
741 1000 869 1056 digna
894 999 1164 1054 haberentur,
1193 1010 1303 1054 quae
1330 999 1388 1043 ad
1411 999 1705 1054 posteritatem
1734 1000 2081 1054 propagarentur.
2137 996 2303 1040 Vixisse
2330 1000 2475 1042 autem
2500 1009 2597 1041 eum
2617 1001 2721 1052 puto

247 1082 340 1125 una
359 1080 448 1125 fere
475 1078 690 1124 hominum
719 1081 864 1123 aetate
890 1081 990 1133 post
1017 1077 1187 1133 Trojam
1216 1080 1409 1133 captam,
1445 1076 1566 1121 Vlixe
1594 1075 1817 1121 etiamtum
1846 1074 2032 1127 vivente3
2078 1087 2179 1118 num
2208 1079 2350 1119 autem
2379 1076 2505 1131 Arg-is
2533 1076 2601 1119 vel
2629 1077 2721 1132 My·

248 1172 388 1211 cenae,
419 1171 473 1201 an
503 1157 696 1212 Spartae,
725 1169 781 1200 an
807 1157 913 1212 Pyli,
942 1169 999 1199 an
1025 1156 1070 1200 in
1096 1156 1247 1200 Ithaca
1274 1156 1436 1209 vixerit,
1465 1168 1615 1210 pamm
1643 1154 1784 1198 refert.
1842 1154 1886 1196 Is
1914 1154 2054 1209 igitur,
2084 1166 2339 1208 quamquam
2368 1167 2440 1207 ea,
2477 1167 2587 1209 quae
2616 1156 2722 1199 ceci—

246 1239 332 1291 nit,
375 1237 467 1292 ipse
502 1236 547 1280 in
581 1236 743 1280 certum
780 1234 990 1290 quendam
1019 1234 1208 1279 ordinem
1245 1237 1290 1278 et
1316 1234 1360 1277 in
1387 1234 1471 1278 duo
1499 1246 1677 1290 corpora
1686 1233 1720 1289 ³)
1764 1232 1947 1288 redegit,
1995 1236 2139 1276 tamen
2175 1233 2339 1288 singula
2366 1233 2490 1289 longo
2519 1235 2722 1291 temporis

249 1317 388 1371 spatio
416 1314 637 1370 paullatim
663 1313 784 1357 finxit
810 1318 856 1357 et
882 1314 977 1357 aliis
1005 1313 1195 1358 canenda
1221 1313 1407 1371 tradidit.
1467 1314 1557 1366 Quo
1585 1312 1744 1356 factum
1773 1316 1852 1366 est,
1882 1315 1944 1366 ut,
1974 1311 2167 1366 quamvis
2194 1312 2397 1366 pleraque
2433 1317 2534 1367 apte
2570 1314 2722 1358 cohae-

248 1397 391 1437 rerent
419 1398 464 1436 et
491 1395 788 1448 congruerent,
831 1404 916 1435 non
944 1403 1082 1446 pauca.
1117 1396 1261 1435 tamen
1289 1391 1435 1436 statim
1465 1391 1520 1435 ab
1549 1391 1667 1434 initio
1695 1391 1807 1434 inter
1835 1402 1882 1433 se
1911 1390 2209 1445 discreparent
2268 1390 2386 1442 Quae
2415 1389 2724 1445 discrepantiae

247 1473 430 1527 majores
457 1472 501 1513 in
530 1471 620 1514 dies
646 1469 739 1514 fieri
767 1469 996 1525 debebant,
1040 1481 1170 1525 quum
1197 1469 1254 1513 ab
1281 1469 1376 1514 aliis
1404 1472 1674 1523 canerentur,
1711 1469 1784 1525 qui
1810 1480 1895 1512 non
1923 1480 2068 1512 omnes
2097 1468 2238 1512 omnia
2265 1468 2453 1513 oermina
2482 1469 2606 1514 simul
2633 1481 2723 1514 me-

248 1551 384 1594 moria
425 1552 628 1594 tenerent.
687 1549 950 1604 Quamquam
994 1549 1104 1592 enim
1147 1547 1319 1592 dubium
1361 1558 1446 1592 non
1487 1550 1574 1602 est,
1623 1547 1723 1603 quin
1759 1558 1868 1592 unus
1896 1549 1990 1591 tota
2017 1546 2090 1591 illa
2118 1546 2305 1592 earmina
2332 1546 2493 1592 discere
2521 1548 2722 1603 potuerit,

248 1628 384 1683 magis
412 1631 555 1670 tamen
582 1626 807 1671 verisimile
834 1629 913 1682 est,
944 1625 1130 1682 singulos
1156 1625 1404 1681 plerumque
1432 1625 1618 1688 singulas
1646 1628 1791 1680 partes
1820 1624 2013 1669 didicisse
2041 1627 2087 1668 et
2115 1623 2327 1678 cecinisse,
2357 1628 2402 1668 et
2429 1624 2483 1669 ob
2513 1624 2557 1669 id
2581 1625 2721 1681 ipsum

248 1710 400 1761 postea
427 1706 471 1748 in
499 1705 625 1750 Jonia
651 1705 795 1760 plures
825 1705 1035 1749 communi
1062 1704 1313 1749 Homericae
1340 1715 1517 1760 poeseos
1545 1703 1686 1748 studio
1714 1703 1825 1747 inter
1862 1715 1911 1747 se
1937 1703 2179 1759 conjunctos
2206 1702 2348 1747 fuisse.
2406 1703 2548 1748 Primo
2576 1707 2721 1749 autem

249 1783 371 1826 aoedi
400 1784 488 1827 sive
516 1783 767 1837 citharoedi,
809 1786 960 1838 postea
987 1782 1188 1838 rhapsodi
1216 1782 1412 1826 videntur
1439 1782 1541 1827 dicti
1569 1794 1681 1835 esse,
1726 1781 1799 1836 qui
1836 1781 2023 1826 carmina
2050 1781 2279 1825 Homerica
2313 1781 2560 1827 recitabant.
2618 1784 2724 1828 Post

248 1860 447 1905 Doricam
477 1859 781 1915 expeditionem
810 1859 998 1906 carmina
1023 1858 1220 1905 videntur
1247 1859 1303 1904 ad
1330 1859 1608 1905 Athenienses
1637 1859 1781 1905 delata
1808 1872 1921 1913 esse,
1952 1858 2052 1914 quia
2079 1858 2123 1903 in
2150 1858 2246 1913 ipsa
2273 1858 2562 1923 Peloponneso
2589 1874 2724 1906 novae

249 1950 318 1981 res
348 1938 431 1980 arti
460 1936 636 1982 canendi
662 1937 801 1981 minus
828 1936 1038 1981 favebant.
1096 1937 1234 1990 Quum
1262 1940 1407 1982 autem
1435 1938 1628 1991 sciamus,
1658 1937 1907 1982 Nestoridas
1936 1936 2126 1981 Athenas
2154 1935 2402 1992 confugisse,
2432 1950 2515 1981 non
2534 1938 2723 1993 ineptum

248 2016 331 2060 erit
373 2016 555 2071 opinari,
603 2014 658 2060 ab
693 2016 761 2060 his
802 2015 949 2071 poesin
977 2016 1244 2061 Homericam
1281 2028 1332 2061 eo
1369 2016 1621 2061 translatam
1659 2029 1764 2061 esse.
1821 2015 1954 2060 Iidem
1983 2015 2178 2059 videntur
2205 2015 2431 2061 Homerica
2465 2017 2653 2062 carmina
2680 2018 2723 2061 in

249 2095 417 2139 Joniam
447 2094 667 2148 detulisse;
696 2106 794 2138 nam
823 2094 1070 2139 nobilissimi
1099 2095 1240 2150 duces,
1269 2095 1343 2151 qui
1370 2094 1548 2140 Athenis
1577 2094 1761 2139 colonias
1789 2095 1833 2138 111
1861 2095 2008 2139 Asiam
2036 2094 2309 2148 deduxerunt,
2339 2106 2366 2138 a
2391 2095 2572 2140 Nestore
2589 2108 2723 2152 genus

248 2174 494 2228 repetivisse
522 2173 759 2218 traduntur.
816 2174 867 2218 In
894 2174 1020 2219 Jonia
1047 2178 1191 2218 autem
1219 2174 1447 2219 Homerica
1474 2175 1661 2219 carmina
1689 2174 1834 2218 statim
1864 2174 1918 2217 ab
1947 2173 2066 2217 initio
2095 2173 2139 2216 111
2167 2186 2332 2217 smnma
2360 2175 2614 2218 auctoritate
2632 2174 2722 2218 fue-

248 2256 366 2304 runt,
415 2253 515 2306 quia
550 2256 746 2295 vetustae
776 2252 1032 2297 Graecorum
1060 2265 1130 2296 res
1158 2253 1210 2296 iis
1240 2253 1581 2306 celebrabantur,
1624 2253 1852 2307 multisque
1887 2253 1929 2294 in
1958 2251 2132 2295 urbibus
2161 2252 2329 2295 scholae
2358 2254 2630 2306 exstitenmt,
2679 2255 2720 2296 in

250 2329 402 2382 quibus
437 2341 560 2373 omne
598 2330 782 2373 studium
811 2331 855 2373 111
882 2331 935 2373 iis
972 2330 1179 2374 discendis
1222 2334 1268 2373 et
1314 2331 1542 2374 recitandis
1578 2330 1880 2383 collocabatur,
1928 2330 2040 2372 inter
2075 2341 2181 2385 quas
2210 2329 2376 2372 scholas
2405 2331 2626 2374 notissima
2655 2336 2724 2375 est

249 2407 585 2462 Homeridarum,
616 2420 724 2463 quae
751 2409 795 2451 in
823 2408 961 2452 insula
990 2408 1093 2452 Chio
1121 2407 1273 2452 floruit.
1330 2409 1397 2453 De
1425 2409 1577 2464 quibus
1614 2408 1765 2454 scholis
1802 2420 1929 2463 quum
1959 2407 2294 2463 Sengebuschius
2329 2408 2372 2452 in
2401 2409 2538 2453 altera
2566 2409 2724 2454 disser-

248 2486 410 2529 tatione
438 2486 604 2540 egregie
633 2485 913 2539 disputaverit
922 2486 978 2540 ⁴),
1007 2498 1091 2530 11011
1120 2499 1226 2540 opus
1255 2490 1333 2539 est,
1363 2499 1440 2530 nos
1469 2487 1704 2531 accuratius
1733 2487 1786 2529 de
1814 2486 1865 2529 iis
1895 2485 2089 2529 scribere.
2133 2486 2183 2528 In
2211 2486 2263 2528 iis
2291 2490 2435 2530 autem
2455 2500 2533 2542 per
2562 2488 2726 2542 aliquot

249 2568 362 2606 certe
391 2563 558 2606 saecula
586 2564 772 2606 cannina
799 2564 1023 2607 Homerica
1050 2577 1124 2608 ore
1152 2569 1319 2607 tantum
1348 2566 1507 2608 tradita
1535 2568 1579 2607 et
1606 2565 1701 2608 viva
1729 2565 2033 2618 rhapsodorum
2062 2577 2163 2608 voce
2182 2569 2420 2620 propagata
2448 2570 2562 2620 sunt,
2592 2567 2726 2610 donec

249 2642 293 2685 in
332 2642 489 2684 chartis
518 2642 721 2695 perscribi
759 2647 910 2697 coepta
948 2647 1057 2685 sunt.
1116 2643 1207 2695 Quo
1236 2647 1379 2686 autem
1408 2647 1598 2697 tempore
1626 2644 1806 2698 primmn
1837 2643 1997 2697 scripta
2026 2643 2122 2696 sint,
2152 2655 2263 2686 nunc
2291 2644 2537 2700 investigari
2568 2646 2724 2700 nequit.

403 2848 428 2893 ¹)
453 2848 554 2881 Tales
578 2852 698 2890 poetas
722 2847 837 2880 statim
860 2851 938 2889 post
961 2846 1088 2880 bellum
1112 2845 1294 2890 Trojanum
1318 2848 1352 2880 in
1376 2847 1520 2881 Graecia
1543 2847 1733 2886 exstitisse,
1759 2856 1799 2880 ex
1825 2847 1906 2890 ipsis
1930 2846 2120 2880 Homericis
2144 2844 2349 2883 carminibus
2375 2849 2543 2883 discimus.
2592 2850 2641 2882 Cf.
2664 2849 2724 2883 Ja—

455 2907 533 2939 cob:
560 2905 672 2938 Ueber
696 2905 750 2937 die
774 2904 990 2947 Eutstehung
1014 2904 1075 2937 der
1097 2904 1179 2938 Ilias
1203 2906 1273 2938 und
1297 2905 1358 2939 der
1381 2906 1545 2947 Odyssee.
1569 2915 1601 2947 p.
1624 2904 1648 2938 3
1673 2915 1742 2946 sqq.

398 2973 426 3016 2)
450 2973 504 3006 De
528 2973 662 3006 nomine
685 2971 825 3005 Homeri
850 2983 951 3015 quam
974 2972 1103 3006 multae
1128 2978 1164 3006 et
1188 2973 1311 3006 dubiae
1336 2975 1510 3017 opiniones
1533 2973 1669 3011 fuerint,
1701 2978 1817 3005 notum
1843 2979 1904 3004 est.
1951 2972 2001 3004 Cf.
2027 2972 2274 3016 Sengebuschii
2298 2975 2377 3007 diss.
2402 2974 2446 3006 IL
2470 2985 2502 3016 p.
2525 2973 2573 3007 89
2597 2984 2666 3017 sqq.
2729 2988 2732 2990 ·

398 3041 427 3085 ³)
451 3040 604 3074 Eandem
628 3042 804 3084 utriusque
829 3041 984 3074 carminis
1018 3042 1180 3084 originem
1213 3043 1335 3082 inisse,
1375 3043 1456 3075 mihi
1479 3051 1679 3085 persuasum
1704 3045 1773 3080 est;
1810 3041 1871 3073 sed
1902 3042 1937 3073 in
1968 3041 2033 3074 hac
2058 3041 2289 3084 disputatione
2319 3053 2457 3076 caussas
2482 3044 2556 3084 ejus
2580 3044 2628 3076 rei
2652 3043 2725 3086 ipse

453 3108 520 3130 non
555 3093 704 3131 afferam.
752 3098 828 3131 Non
863 3103 992 3130 tantam
1028 3099 1116 3130 inter
1146 3098 1292 3131 Iliadem
1328 3104 1364 3133 et
1399 3099 1587 3141 Odysseam
1623 3098 1853 3131 diversitatem
1890 3097 2121 3137 intercedere,
2161 3105 2200 3132 ut
2239 3111 2304 3132 non
2336 3110 2406 3132 una
2427 3104 2551 3132 natura
2578 3105 2618 3132 et
2638 3100 2724 3132 ratio

454 3156 631 3197 utriusque
654 3156 810 3188 carminis
833 3155 949 3187 haberi
974 3154 1109 3194 debeat,
1134 3158 1258 3198 optime
1282 3156 1389 3190 Jacob
1415 3157 1529 3189 docuit
1552 3156 1585 3187 in
1609 3155 1694 3188 libro
1718 3155 1876 3188 laudato:
1918 3155 2032 3188 Ueber
2064 3156 2118 3187 die
2144 3156 2357 3200 Entstehung
2382 3157 2442 3189 der
2466 3157 2548 3190 Ilias
2571 3157 2638 3190 und
2665 3156 2726 3189 der

453 3211 617 3253 Odyssee.

396 3279 426 3326 ⁴)
450 3290 481 3324 p.
504 3280 550 3314 45
575 3290 644 3323 sqq.

2423 3347 2449 3385 3
