3008 3711
1313 90 1640 142 -ς-

231 243 286 289 iis
314 242 510 298 quidem,
554 253 665 299 quae
691 241 747 286 de
774 241 951 287 Homeri
979 245 1124 287 aetate
1150 246 1447 296 narrarentur,
1488 252 1593 288 vera
1621 243 1817 297 subeam,
1859 245 2075 288 vetustae
2108 247 2254 288 tamen
2290 244 2353 289 ita
2377 243 2629 299 obseruata,
2652 247 2722 290 :ut

228 324 428 376 tempora
455 321 511 365 iis
539 310 889 378 signifienentar,
919 320 1074 378 quibus
1100 321 1330 366 Homerica
1355 320 1534 376 poesis
1561 333 1640 377 per
1664 321 1865 378 sagum
1884 320 2081 367 civitates
2105 323 2345 379 pmp‘m
2369 322 2557 367 essetin
2582 322 2721 379 iisque

229 398 414 444 floreret.
468 399 592 444 Haec
618 399 801 455 vestigia
829 402 1002 443 secutus
1028 399 1101 443 ille
1130 411 1227 444 cum
1255 399 1505 444 Aristarcho
1532 396 1859 455 primumapud
1885 399 2166 445 Athenienses
2198 400 2348 456 poem
2371 392 2641 446 Emer-iem
2664 406 2721 447 eo

231 482 424 532 tempore
450 475 646 522 floruisse
674 477 959 530 demonstrat,
989 489 1076 532 quo
1104 477 1293 522 coloniae
1320 490 1372 521 ex
1398 478 1545 522 Attica
1572 478 1616 522 in
1643 478 1814 523 ‚Ioniam
1849 476 2001 522 deduci
2036 481 2214 534 coeptae
2249 482 2370 533 smrt,
2417 479 2595 523 Anienis
2616 484 2718 523 eam

229 556 440 612 migrasse
466 557 512 601 in
539 556 721 600 insulam
750 556 854 609 Jon,
883 555 1036 600 deinde
1066 555 1310 612 Smyrnam,
1340 559 1431 599 tum
1460 555 1518 600 ad
1547 556 1695 609 011103,
1727 555 2022 611 Colophonius,
2050 556 2157 600 alios
2171 556 2213 612 ¹).
2270 557 2462 612 Reliqua,
2490 569 2602 614 quae
2627 561 2717 603 tra-

229 633 412 688 duntur,
459 635 503 678 in
531 635 658 678 meris
689 634 938 677 commentis
966 635 1340 690 grammaticorum
1367 635 1582 687 nituntur,
1629 633 1698 677 vel
1732 645 1785 678 ex
1818 633 1924 689 ipsis
1951 634 2161 689 poematis
2188 635 2345 689 petita,
2390 635 2460 680 vel
2488 648 2540 680 ex
2565 640 2718 692 poetae

227 714 400 758 nomine
429 712 633 757 derivata.
691 712 762 757 Sic
800 712 913 768 quod
951 712 1080 757 Alten
1121 717 1309 769 patrem,
1353 711 1576 756 Thersiten
1612 715 1811 766 nitorem,
1840 711 2077 757 Mentor-em
2105 715 2151 755 et
2179 711 2381 768 Tycbium
2409 712 2600 770 hospites
2625 714 2718 771 ejus

228 791 374 846 fuisse,
402 792 577 837 Menten
605 804 703 836 eum
733 804 783 843 eo
810 790 965 835 itinera
992 790 1157 847 fecisse,
1187 791 1405 836 Phemium
1433 790 1631 836 vitricum
1660 803 1757 836 eum
1785 791 1829 835 in
1856 788 1991 835 literis
2019 788 2272 846 erudivisse,
2300 790 2510 837 Echetmn
2537 792 2718 850 denique

229 869 459 926 aliquando
486 871 684 926 injuriam
723 870 763 914 ei
790 869 984 913 intulisse
1012 870 1153 925 ajunt,
1197 883 1249 914 ea
1277 882 1327 913 ex
1362 869 1468 924 ipsis
1495 869 1705 924 poematis
1731 869 1894 924 opinati
1930 871 2040 912 sunt.
2107 864 2309 919 Similiter
2343 880 2395 914 ex
2436 870 2601 926 aliquot
2640 871 2717 928 hy-

225 949 354 1002 mniS,
385 961 492 1004 quos
507 949 563 993 ab
593 947 778 1002 antiquis
806 945 895 991 fere
923 947 1113 992 Homero
1141 948 1369 992 attiibutos
1397 959 1498 991 esse*
1522 947 1691 1002 scimuS,
1721 946 2001 1002 conjecerim,
2030 957 2127 990 eum
2154 956 2385 1001 pauperem
2413 945 2545 993 fuisse
2573 951 2619 992 et
2645 961 2717 994 ca-

227 1026 370 1071 nendo
397 1027 531 1071 vitam
560 1028 825 1070 sustentasse
834 1025 882 1081 2).
940 1025 1134 1070 Eundem
1164 1038 1332 1070 caecum
1360 1023 1492 1069 fuisse
1502 1024 1557 1080 ³),
1595 1037 1646 1069 ex
1672 1024 1810 1069 tribus
1839 1023 2001 1068 caussis
2028 1022 2225 1067 videntur
2253 1024 2501 1080 conjecisse,
2531 1029 2577 1070 et
2604 1027 2718 1082 quod

228 1105 521 1149 Demodocum
550 1116 724 1148 caecum
752 1103 871 1146 illum
902 1103 1016 1158 apud
1044 1103 1258 1147 Phaeaces
1286 1106 1458 1157 poetam
1488 1103 1664 1147 summis
1697 1102 1894 1147 laudibus
1920 1101 2152 1157 praedicat,
2181 1105 2227 1145 et
2255 1102 2368 1157 quod
2396 1107 2547 1148 auctor
2573 1104 2718 1160 hymni

222 1184 273 1228 in
300 1183 539 1239 Apollinem
567 1183 660 1238 ipse
690 1196 736 1226 se
765 1195 938 1227 caecum
968 1195 1062 1227 esse
1092 1182 1206 1226 canit
1215 1182 1263 1236 ⁴),
1312 1181 1494 1237 denique
1523 1182 1635 1237 quod
1673 1195 1824 1226 caecus
1859 1180 2059 1225 Aeolibus
2101 1179 2250 1237 ὅμηρος
2286 1179 2358 1238 (μὴ
2387 1181 2539 1240 ὁρῶφῖ)
2576 1182 2716 1229 dictus

227 1266 355 1307 esset.
412 1262 607 1307 Nominis
637 1274 791 1305 caussa
818 1264 1060 1314 narrarunt,
1090 1273 1185 1305 611111
1216 1260 1443 1315 aliquando
1473 1261 1663 1305 obsidem
1692 1274 1720 1304 a
1748 1260 1989 1316 Smyrnaeis
2016 1259 2191 1304 missum
2220 1271 2328 1314 esse,
2358 1260 2431 1304 alii
2460 1261 2595 1306 simile
2614 1262 2717 1317 quid

227 1340 345 1396 apud
374 1340 502 1384 Chios
530 1339 690 1384 factum
719 1352 815 1384 esse
842 1338 1128 1391 tradiderunt,
1176 1338 1288 1382 unde
1315 1338 1573 1383 Homeridae
1610 1351 1762 1383 nomen
1799 1350 1922 1382 suum
1951 1338 2157 1382 tulissent.
2213 1337 2339 1382 Multi
2366 1338 2497 1383 etiam
2524 1344 2714 1394 narrant,

228 1418 435 1474 Smyrnae
463 1431 560 1462 eum
589 1418 656 1463 vel
685 1418 799 1472 apud
827 1417 1026 1462 Meletem
1054 1415 1247 1470 fluvium,
1296 1416 1363 1461 vel
1391 1417 1485 1472 ipso
1513 1417 1670 1462 Melete
1697 1420 1843 1461 natum
1872 1429 1985 1470 esse,
2033 1416 2145 1461 unde
2183 1416 2223 1461 ei
2258 1429 2411 1461 nomen
2451 1418 2716 1476 Μελησιγενῆς

224 1496 406 1540 inditum
451 1496 528 1548 sit,
577 1496 621 1539 in
664 1495 802 1539 insula
838 1496 892 1540 Jo
930 1498 1074 1539 autem
1102 1498 1317 1538 mortuum
1347 1498 1392 1538 et
1420 1495 1633 1549 sepultum
1661 1508 1755 1539 esse
1766 1495 1826 1549 ὃ).-
1870 1494 1988 1538 Haec
2026 1498 2072 1538 et
2107 1494 2244 1538 multa
2279 1495 2366 1539 alia
2403 1507 2487 1550 quo
2524 1499 2716 1551 tempore

226 1577 273 1619 et
301 1587 385 1629 quo
413 1574 540 1617 modo
568 1572 671 1617 ficta
700 1573 798 1626 sint,
828 1573 911 1617 dici
941 1572 1111 1628 quidem
1140 1586 1224 1616 non
1252 1575 1408 1627 potest,
1438 1576 1583 1617 tamen
1611 1572 1714 1617 nihil
1751 1584 1896 1616 eorum
1925 1571 2160 1628 antiquitus
2187 1571 2392 1635 traditum
2421 1572 2552 1618 fuisse
2578 1575 2715 1619 mani·

224 1652 383 1696 festum
413 1656 490 1695 est.
550 1652 690 1704 Quare
717 1656 768 1695 ut
795 1664 879 1695 uno
908 1651 1037 1695 verbo
1066 1651 1226 1704 dicam,
1276 1651 1406 1695 nihil
1449 1664 1643 1705 eorum,
1687 1663 1817 1706 quae
1846 1650 2032 1696 Graeci
2060 1651 2120 1694 de
2148 1629 2368 1695 Homero
2396 1652 2714 1707 retulerunt,

223 1732 345 1774 viva
371 1731 621 1774 memoria
649 1734 729 1773 est
758 1730 1032 1783 traditum,
1061 1742 1152 1774 1166
1181 1730 1459 1784 quidquam
1488 1743 1651 1784 usque
1689 1730 1750 1773 ab
1788 1730 1954 1784 ipsius
1983 1729 2192 1773 Homeri
2220 1733 2398 1773 aetate
2425 1731 2596 1785 repeti
2624 1744 2713 1786 po-

224 1812 353 1862 test,
403 1809 574 1853 omnia
615 1808 682 1852 iis
726 1808 922 1852 demum
965 1807 1307 1863 temporibus,
1352 1806 1540 1863 quibus
1578 1807 1828 1862 memoria
1850 1807 1909 1852 (16
1937 1807 2046 1851 vita
2072 1806 2283 1852 Homeri
2312 1807 2416 1862 jam
2443 1807 2598 1863 plane
2627 1821 2713 1853 ex-

225 1888 440 1932 stincta
467 1886 596 1941 fuit,
625 1886 905 1942 paullatim
934 1884 1066 1930 ficta
1088 1878 1185 1929 ‘aut
1215 1886 1536 1941 conjecturis
1565 1887 2018 1942 grammaticorum
2047 1886 2350 1941 excogitata
2378 1899 2513 1941 esse,
2553 1899 2712 1943 appa—

224 1970 320 2011 ret.
375 1966 498 2019 Quae
528 1978 658 2021 quum
687 1965 750 2008 ita
779 1964 876 2018 sint,
907 1965 1074 2008 omissis
1104 1965 1296 2009 omnibus
1324 1965 1406 2008 illis
1434 1965 1610 2019 fabulis,
1641 1965 1720 2009 hoc
1748 1977 1878 2009 unum
1906 1968 2148 2018 teneamus,
2197 1965 2384 2009 Graecos
2412 1965 2515 2009 nihil
2543 1966 2631 2010 veri
2660 1966 2714 2011 de

223 2045 318 2100 ipso
345 2044 535 2089 Homero
564 2057 741 2088 narrare
760 2043 964 2098 potuisse,
995 2043 1095 2098 quia
1116 2029 1225 2087 'nihil
1253 2044 1304 2087 iis
1324 2043 1530 2088 traditum
1547 2042 1697 2088 fuerat
1726 2044 1859 2088 Nobis
1886 2044 2017 2099 igitur
2044 2056 2097 2088 ea
2123 2046 2291 2088 tantum
2308 2056 2397 2098 pro
2416 2044 2527 2088 veris
2556 2044 2714 2089 habere

222 2122 391 2177 licebit,
436 2134 546 2178 quae
584 2134 637 2166 ex
666 2122 770 2178 ipsis
809 2122 1066 2166 carminibus
1096 2134 1324 2177 eorumque
1352 2122 1488 2166 forma
1517 2126 1561 2166 et
1590 2122 1828 2167 conditione
1863 2122 2104 2177 conjectura.
2131 2122 2301 2177 assequi
2328 2122 2571 2177 poterimus.
2630 2123 2713 2167 Sed

223 2202 474 2257 priusquam
503 2201 558 2244 ad
586 2200 709 2254 hanc,
740 2212 869 2255 quam
898 2201 1050 2255 indico,
1079 2202 1191 2245 viam
1222 2201 1500 2256 investigandi
1528 2212 1598 2245 me
1626 2205 1889 2254 convertam,
1929 2212 2066 2256 pauca
2094 2200 2232 2244 adhuc
2260 2201 2572 2255 praemittenda
2601 2206 2712 2256 sunt,

223 2293 278 2325 ne
307 2283 385 2324 aut
403 2283 564 2324 temere
594 2291 720 2335 agere
749 2282 827 2322 aut
855 2279 986 2323 nimia
1013 2291 1205 2324 mearum
1234 2279 1382 2324 virium
1412 2278 1567 2324 fiducia
1596 2280 1694 2323 duci
1721 2279 1877 2323 videar.
1935 2279 2090 2323 Mirum
2119 2279 2229 2322 enim
2258 2278 2391 2323 videri
2418 2279 2566 2335 possit,
2597 2280 2633 2323 si
2660 2291 2715 2324 ne

78 2342 81 2343 ⁷
222 2358 268 2403 id
295 2357 466 2413 (1111(16111
496 2369 657 2411 curem,
702 2357 755 2401 de
785 2369 868 2413 quo
897 2357 986 2402 fere
1015 2369 1163 2402 omnes
1192 2358 1380 2403 homines
1410 2359 1524 2403 docti
1553 2358 1665 2402 inter
1695 2358 1880 2403 Graecos
1909 2370 1992 2401 uno
2030 2369 2102 2401 ore
2131 2357 2437 2411 consenserint,
2482 2359 2713 2402 Homerum

376 2564 404 2606 1)
428 2563 494 2594 vid.
518 2561 609 2594 Diss.
634 2561 680 2594 11.
704 2572 737 2603 p.
762 2561 809 2595 77
833 2572 883 2603 sq.

375 2632 404 2675 ²)
428 2630 495 2661 vid.
517 2630 690 2671 Hymnum
714 2631 749 2662 in
774 2629 935 2662 Cererem
958 2639 1006 2662 vs.
1030 2629 1110 2668 495,
1136 2640 1184 2673 sq.
1211 2636 1244 2662 et
1268 2631 1428 2671 hymnum
1453 2632 1489 2662 in
1514 2629 1665 2668 Terram,
1697 2639 1907 2662 communem
1932 2631 2078 2662 omnium
2102 2634 2257 2668 matrem,
2280 2640 2329 2663 vs.
2355 2630 2410 2668 18,
2436 2641 2484 2672 sq.

376 2699 406 2744 ³)
431 2699 549 2732 Cicero
572 2698 710 2732 Tuscul-
733 2709 764 2730 v.
788 2698 854 2733 39:
903 2698 1105 2738 „Traditum
1130 2704 1184 2731 est
1208 2700 1328 2737 etiam,
1368 2699 1555 2732 Homerum
1591 2708 1730 2732 caecum
1761 2699 1877 2731 fuisse.
1923 2699 1971 2730 At
2002 2700 2074 2740 ejus
2104 2694 2270 2741 picturam
2300 2708 2368 2731 non
2401 2699 2522 2741 poesin
2545 2697 2712 2730 videmus.

433 2755 532 2797 Quae
555 2759 661 2801 regio,
684 2767 772 2801 quae
796 2768 866 2797 ora,
891 2758 949 2801 qui
972 2756 1069 2790 locus
1093 2755 1269 2795 Graeciae,
1293 2766 1381 2799 quae
1406 2757 1540 2800 31166163
1563 2756 1738 2799 formaque
1761 2765 1918 2799 pugnae,
1947 2766 2034 2800 qnae
2057 2757 2161 2796 acies,
2186 2756 2276 2800 quod
2299 2756 2488 2799 remigium,
2521 2757 2578 2799 (1111
2601 2759 2713 2788 motus

429 2813 617 2854 hominum,
642 2815 699 2857 qui
721 2815 869 2849 ferarum
891 2824 960 2848 non
982 2813 1033 2847 ita
1056 2814 1211 2857 expictus
1236 2818 1299 2853 est,
1324 2819 1372 2853 ut,
1397 2824 1485 2858 quae
1509 2813 1583 2856 ipse
1607 2823 1675 2847 non
1697 2813 1831 2854 viderit,
1854 2823 1915 2848 nos
1938 2818 1978 2848 ut
2000 2814 2192 2849 videremus
2217 2812 2414 2848 effecerit?“

372 2882 401 2928 ⁴)
425 2883 552 2927 Hymn.
577 2884 612 2916 in
636 2883 828 2927 Apollinem
850 2893 899 2917 vs.
925 2881 1009 2918 172:
1033 2878 1184 2929 ,,τυφλός
1208 2876 1312 2928 ἀνὴρ,
1339 2881 1422 2916 οἷκεῖ
1445 2880 1482 2916 δὲ
1508 2880 1586 2925 Χίῳ
1609 2880 1657 2914 m
1679 2881 1953 2929 παιπαλοέσσῃ.“

373 2952 402 2996 ⁵)
425 2952 521 2986 Ietas
546 2953 741 2995 sepulcrum
764 2952 904 2985 Homeri
928 2954 962 2985 in
986 2953 1098 2985 insula.
1122 2962 1186 2984 sua.
1210 2951 1413 2991 ostendisse,
1436 2956 1556 2984 notum
1581 2956 1644 2990 est,
1669 2952 1768 2995 eique
1792 2952 1879 2985 haec
1901 2953 2064 2995 inscripta
2088 2952 2211 2984 fuisse:

1066 3004 1219 3043 Ἐνθάδε
1243 3005 1302 3052 τὴν
1324 3005 1416 3054 ἱερήν
1438 3004 1590 3054 κεφαλὴν
1613 3005 1702 3042 κατὰ
1724 3012 1807 3053 γαῖα
1832 3004 2004 3049 καλύπτει,

1187 3060 1338 3112 Ἀνδρῶν
1361 3061 1482 3112 ἡρώων
1504 3061 1701 3112 κοσμήτορα
1726 3069 1826 3100 θεῖον
1843 3061 2014 3112 ιΌμηρον.

427 3123 599 3157 Mortuum
625 3129 742 3156 autem
768 3133 845 3156 eum
870 3124 915 3156 ibi
939 3134 1015 3157 esse
1040 3124 1208 3162 dixerunt,
1233 3123 1324 3166 quod
1348 3124 1411 3156 1106
1434 3125 1642 3166 piscatorum
1665 3125 1837 3166 aenigma:

1058 3177 1126 3218 Οὓς
1150 3181 1266 3224 ῗλομεν
1291 3175 1477 3223 lamium&
1504 3175 1563 3218 οἷς
1586 3177 1619 3213 δ’
1645 3176 1709 3221 οὔχ
1734 3180 1849 3224 ‘elopem
1874 3175 2095 3224 φερὸμεοθα.

428 3237 560 3272 solvere
582 3247 651 3271 non
673 3239 852 3282 potuisset.
