3008 3711
1313 117 1665 184 ‘.-u—.

254 264 421 320 poetico
449 249 631 320 quoda‘m
658 263 808 310 affiatu
831 263 1083 318 concitatus
1110 262 1179 308 vel
1204 266 1469 329 venustatem
1495 264 1727 320 Penelopes
1755 264 1799 307 in
1834 264 1971 319 majus
2007 264 2224 318 extollere,
2261 264 2330 308 vel
2365 268 2551 309 aetatem
2577 264 2723 310 Achil—

255 344 310 393 lis
328 341 593 398 imminuere,
622 347 672 388 ut
697 344 808 388 vires
834 342 928 398 ejus
955 345 1143 397 augeret,
1176 345 1263 387 non
1284 330 1458 398 ,poterat
1476 344 1596 388 'idem
1624 355 1844 389 numerum
1872 355 2090 397 annorum,
2132 343 2284 398 quibus
2311 355 2382 388 res
2410 348 2557 400 gestae
2583 349 2719 400 erut,

256 427 443 477 mutare,
471 424 585 479 quia,
619 422 735 477 quod
768 433 914 467 verum
942 425 1048 474 erat,
1077 425 1194 467 certo
1223 422 1395 466 sciebat.
1451 423 1569 466 Idem
1597 423 1636 466 si
1659 422 1863 476 antiquae
1890 422 1943 466 de
1970 422 2134 467 Helena
2160 420 2299 465 famae
2327 422 2596 477 credidisset,
2642 429 2722 469 aut

256 514 436 557 semper,
465 505 543 545 aut
569 512 906 555 nunquamffeam
934 500 1140 550 desiderio
1167 501 1336 555 pristini
1362 501 1506 544 mariti
1533 501 1670 545 teneri
1698 501 1928 544 cecinisset.
1986 500 2056 545 Sic
2074 499 2184 555 quae
2211 500 2348 554 primo
2376 501 2527 545 obtutu
2545 502 2721 547 obstare

258 580 473 633 videntur,
511 590 565 636 ne
593 577 648 622 ab
676 589 760 622 uno
788 580 916 633 poeta
938 590 1077 633 eoque
1103 578 1230 623 rebus
1258 579 1427 634 aequali
1454 579 1641 624 carmina
1669 577 1784 623 facta
1811 578 2012 633 dicamus,
2041 579 2139 623 huic
2166 578 2403 637 sententiae
2430 578 2537 623 adeo
2562 578 2720 626 favent.

256 660 371 704 Vera
398 660 542 713 autem
569 669 684 711 esse,
732 669 841 711 quae
868 657 1193 713 disputavimus,
1234 658 1326 713 ipse
1353 659 1564 702 Homerus
1591 658 1713 702 nobis
1741 658 1930 712 exemplo
1957 658 2050 701 erit.
2106 658 2189 702 Vbi
2223 658 2336 701 enim
2362 669 2433 701 res
2459 658 2719 714 antiquiores

257 736 414 793 attigit,
442 736 502 781 ibi
528 748 656 792 parce
683 739 830 780 narrat
857 739 986 792 atque
1013 736 1088 790 ita,
1115 739 1166 780 ut
1193 748 1290 780 eum
1317 749 1385 781 res
1413 737 1536 792 longe
1563 739 1750 781 remotas
1786 749 1961 780 narrare
1988 737 2229 781 sentiamus,
2284 736 2381 781 Huc
2408 735 2566 792 refero,
2609 750 2719 794 quae

255 816 472 871 pertinent
497 815 555 859 ad
580 815 691 859 bella
721 815 950 869 Thebaica,
993 815 1050 859 ad
1076 827 1146 859 res
1174 815 1230 859 ab
1257 815 1438 859 Hercule
1467 817 1627 872 gestas,
1653 814 1710 858 ad
1737 815 2042 869 expeditionem
2069 816 2429 871 Argonautarum,
2477 816 2535 860 ad
2561 816 2720 861 bellum

258 894 564 937 Centaurorum
606 896 652 937 et
691 893 988 948 Lapitharum,
1036 893 1092 937 ad
1119 896 1287 948 gentem
1314 893 1482 948 Pelopis
1525 897 1569 936 et
1596 893 1810 945 NestoriS,
1838 893 1944 936 alia.
1999 894 2095 938 Noli
2123 897 2266 937 autem
2293 898 2457 948 putare,
2485 898 2584 938 e'um
2612 895 2720 938 talia

257 975 424 1018 tantum
451 975 677 1028 propterea
704 972 884 1016 voluisse
912 971 1048 1017 obiter
1075 972 1296 1028 attingere,
1324 985 1377 1017 ne
1406 985 1574 1016 cursum
1603 985 1727 1016 suum
1755 971 1878 1016 nimis
1905 974 2152 1017 moraretur.
2209 972 2260 1016 Id
2286 973 2397 1017 enim
2424 986 2452 1016 a
2479 976 2607 1028 poeta
2633 987 2720 1018 non

256 1051 426 1105 evitari,
474 1051 618 1095 multis
659 1051 762 1095 locis
804 1050 1018 1105 probatur.
1073 1050 1276 1105 Exemplo
1304 1054 1448 1103 erunt,
1479 1063 1586 1105 quae
1622 1054 1851 1094 narrantur
1879 1050 1931 1093 de
1959 1050 2080 1094 Ulixe
2107 1063 2237 1104 puero
2265 1051 2309 1094 in
2335 1051 2547 1095 Parnasso
2574 1055 2719 1096 monte

257 1129 489 1183 vulnerato,
519 1129 571 1173 de
584 1129 791 1173 Phoenice
819 1128 989 1173 domum
1003 1128 1118 1173 Pelei
1143 1132 1325 1184 recepto,
1362 1129 1415 1173 de
1428 1129 1608 1173 Menelai
1637 1128 1862 1182 erroribus,
1892 1128 1946 1172 de
1965 1128 2290 1183 Agamemnonis
2319 1129 2447 1174 caede
2474 1134 2520 1174 et
2546 1130 2719 1174 ultione.

258 1208 449 1253 Eadem
491 1199 664 1252 autem
706 1206 813 1252 fere
853 1208 991 1266 ratio
1033 1210 1115 1251 est
1154 1207 1405 1261 locorum,
1454 1220 1580 1262 quae
1615 1206 2084 1262 poeta-describit3
2131 1207 2215 1250 alia
2243 1207 2353 1251 enim
2380 1208 2490 1253 ratio
2517 1207 2720 1252 narrandi

254 1290 337 1338 est,
366 1285 439 1329 ubi
466 1286 520 1329 de
547 1286 785 1340 regionibus
813 1285 1106 1329 remotioribus
1134 1285 1330 1339 loquitur,
1361 1286 1456 1338 alia,
1485 1285 1557 1328 ubi
1584 1285 1720 1340 magis
1748 1285 2007 1340 propinquas
2035 1285 2246 1329 describit.
2303 1285 2384 1339 Sic,
2413 1289 2463 1329 ut
2488 1290 2632 1330 cetera
2647 1287 2718 1330 hic

257 1364 524 1419 omittamus,
555 1364 611 1418 si,
641 1376 750 1419 quae
778 1364 831 1408 de
859 1363 1097 1408 Phaeacum
1125 1364 1262 1410 insula
1290 1364 1405 1418 dixit,
1435 1377 1530 1408 cum
1558 1363 1630 1418 iis,
1675 1376 1782 1419 quae
1811 1363 1864 1408 de
1892 1363 2042 1412 Ithaca
2069 1364 2286 1420 leguntur,
2322 1364 2718 1420 comparaverimus,

256 1442 380 1489 facile
408 1456 718 1499 cognoscemus,
747 1445 916 1499 poetam
945 1443 988 1487 in
1015 1443 1088 1487 illa
1115 1456 1328 1499 nunquam
1355 1442 1497 1497 fuisse,
1525 1443 1570 1487 in
1597 1443 1745 1488 Ithaca
1773 1443 1913 1488 omnia
1940 1444 2108 1499 penitus
2137 1443 2306 1499 cognita
2333 1443 2541 1488 habuisse.
2589 1444 2718 1490 Sche-

255 1523 346 1567 riae
374 1523 485 1566 enim
512 1522 737 1577 imaginem
764 1522 884 1566 nobis
912 1522 1088 1577 praebet
1115 1526 1203 1566 tam
1232 1526 1431 1567 accurate
1458 1522 1771 1575 adumbratam,
1820 1526 1870 1566 ut
1905 1522 1959 1566 ab
1994 1523 2088 1577 ipso
2124 1521 2267 1566 fictam
2296 1536 2390 1566 eam
2417 1527 2463 1567 et
2489 1522 2716 1567 formatam

255 1599 379 1646 facile
406 1600 708 1657 intelligamus;
756 1601 808 1646 de
836 1600 984 1646 Ithaca
1012 1601 1252 1667 occassione
1281 1601 1383 1645 data
1409 1600 1590 1656 plurima
1617 1601 1680 1644 ita
1707 1604 1872 1655 narrat,
1915 1604 1965 1645 ut
1991 1614 2074 1645 non
2102 1601 2193 1656 ipse
2220 1614 2272 1645 ea
2299 1599 2488 1665 finxisse,
2531 1602 2608 1647 sed
2633 1614 2717 1647 usu

256 1680 428 1736 cognita
455 1680 652 1725 habuisse
680 1681 883 1725 videatur.
942 1681 1081 1733 Quare
1108 1679 1231 1724 facile
1259 1692 1354 1724 eam
1382 1683 1546 1735 partem
1576 1679 1792 1734 Scheriae,
1839 1681 1883 1723 in
1911 1692 1999 1735 qua
2023 1692 2092 1724 res
2120 1680 2174 1724 ab
2202 1680 2387 1725 Homero
2412 1684 2615 1739 gau-ratae
2643 1693 2717 1737 ge-

257 1762 427 1812 runtur,
475 1759 519 1801 in
548 1758 696 1802 charta
724 1758 948 1813 depingere
976 1762 1021 1801 et
1049 1758 1176 1801 certis
1202 1758 1323 1801 lineis
1352 1757 1602 1801 adumbrare
1638 1758 1888 1813 poterimus,
1937 1758 2127 1802 Ithacam
2168 1758 2328 1802 frustra
2353 1758 2613 1815 [conabimur
2649 1760 2718 1803 ita

257 1836 515 1890 describere,
559 1839 609 1879 ut
637 1836 913 1892 singulorum,
963 1848 1072 1891 quae
1100 1849 1127 1879 a
1154 1840 1282 1891 poeta
1310 1840 1708 1891 commemorantur,
1753 1841 1871 1880 certa
1904 1836 2024 1880 nobis
2061 1841 2106 1880 et
2132 1837 2356 1891 perspicua
2383 1837 2522 1893 imago
2550 1837 2717 1882 evadat.

256 1915 324 1959 Ibi
350 1918 522 1970 poetae,
568 1915 687 1969 quia,
733 1927 841 1969 quae
869 1915 1112 1969 descripsit,
1142 1914 1273 1959 oculis
1301 1927 1385 1958 non
1412 1915 1587 1968 viderat,
1617 1919 1818 1959 accurata
1844 1915 1984 1970 imago
2011 1918 2152 1958 mente
2179 1914 2400 1959 formanda
2427 1919 2540 1969 erat,
2589 1927 2717 1971 quam

255 1992 378 2037 nobis
406 1995 671 2048 proponeret,
701 1992 772 2037 hic
800 1995 979 2047 tantum,
1017 1996 1067 2037 ut
1094 1992 1197 2037 ordo
1225 2005 1366 2037 rerum
1409 1995 1624 2048 gestarum
1665 1993 1929 2049 postulabat,
1978 1992 2236 2048 singularum
2282 2005 2436 2048 rerum,
2474 2005 2580 2049 quas
2625 1993 2718 2049 ipse

257 2072 415 2126 optime
429 2074 616 2125 noverat,
646 2071 899 2114 mentionem
913 2071 1023 2116 fecit.
1054 2072 1099 2116 Si
1115 2072 1256 2127 *igitur
1283 2071 1410 2116 aedes
1438 2071 1569 2115 Vlixis
1597 2071 1688 2127 ipse
1715 2085 1800 2116 non
1828 2072 2102 2128 cognovisset,
2133 2075 2208 2115 aut
2235 2073 2403 2127 parcius
2432 2073 2484 2117 de
2519 2073 2571 2117 iis
2600 2073 2715 2117 locu-

257 2152 328 2194 tus
356 2152 488 2204 esset,
537 2152 612 2193 aut
640 2148 866 2203 effecisset,
909 2153 960 2194 ut
985 2150 1173 2206 legentes
1202 2153 1362 2195 certam
1391 2149 1602 2205 quandam
1630 2163 1775 2194 earum
1810 2151 2034 2206 imaginem
2063 2151 2417 2205 nancisceremur,
2466 2150 2633 2207 qualem
2662 2151 2716 2196 de

256 2228 421 2273 Alcinoi
447 2228 565 2284 regia
592 2228 713 2272 nobis
741 2228 937 2285 depinxit.
995 2229 1116 2273 Nunc
1144 2232 1333 2285 apparet,
1363 2229 1501 2285 ipsum
1528 2229 1696 2285 penitus
1725 2229 1818 2273 illas
1849 2230 2036 2287 cognitas
2065 2229 2273 2284 habuisse,
2303 2242 2381 2275 nec
2399 2230 2510 2274 enim
2528 2242 2715 2286 unquam

255 2306 389 2351 fusius
426 2308 480 2351 de
515 2308 566 2365 iis
603 2308 718 2362 loqui
746 2308 937 2361 evitavit,
986 2309 1105 2351 nobis
1134 2311 1276 2351 autem
1304 2308 1463 2351 multae
1491 2320 1635 2351 earum
1663 2312 1807 2363 partes
1844 2309 2047 2353 obscurae
2076 2313 2184 2352 sunt.
2241 2309 2344 2352 Tres
2372 2312 2515 2353 autem
2542 2309 2716 2364 potissi-

255 2397 372 2429 mum
401 2388 501 2428 sunt
527 2385 738 2439 regiones,
784 2397 961 2439 quarum
989 2385 1125 2440 magis
1154 2388 1396 2429 accuratam
1426 2376 1702 2440 cognitionem
1730 2387 1913 2429 Homero
1942 2385 2072 2429 fuisse
2099 2386 2388 2441 intelligimus,
2436 2399 2539 2442 ager
2567 2386 2717 2441 Troja-

254 2476 347 2517 nus,
376 2463 698 2518 Peloponnesus,
728 2463 888 2506 Ithaca.
944 2463 1104 2518 Agrum
1132 2463 1358 2518 Trojanum
1385 2463 1488 2507 mihi
1515 2464 1683 2518 quidem
1711 2465 1920 2508 Homerus
1949 2466 2036 2508 suis
2065 2465 2195 2509 oculis
2231 2465 2397 2508 videtur
2433 2466 2715 2521 conspexisse,

256 2555 385 2597 quum
414 2542 639 2596 descriptio
668 2542 872 2595 ejusmodi
899 2543 966 2595 sit,
995 2546 1045 2585 ut
1072 2543 1241 2597 ipsum
1278 2542 1330 2585 de
1359 2555 1429 2595 e0,
1476 2545 1525 2584 ut
1553 2542 1605 2585 de
1633 2544 1801 2598 regione
1828 2547 1947 2597 nota,
1995 2544 2111 2598 loqui
2145 2547 2371 2598 appareat,
2419 2544 2522 2589 dum
2568 2545 2717 2588 nobis

255 2621 390 2664 multa
432 2620 611 2664 obscura
653 2624 761 2662 sunt.
818 2621 913 2663 Huc
940 2619 1075 2664 refero
1103 2621 1252 2678 τύμβον
1279 2621 1492 2676 Αἰσυήταο
1526 2621 1709 2677 γέροντος
1756 2622 1820 2676 (Il.
1858 2622 1919 2674 II,
1959 2622 2080 2676 793),
2130 2620 2239 2666 Ἴλου
2281 2625 2389 2677 σῆμα
2435 2622 2503 2678 (Π.
2531 2623 2591 2677 X,
2620 2622 2717 2667 415.

254 2700 329 2754 XI,
361 2700 441 2743 166
470 2698 576 2753 all.),
607 2697 752 2755 ἐρινεόν
781 2701 826 2742 et
853 2698 995 2755 φηγόν,
1044 2712 1152 2754 quae
1179 2699 1352 2744 arbores
1380 2700 1523 2744 multis
1560 2700 1704 2745 Iliadis
1732 2700 1832 2745 locis
1861 2700 2147 2754 nominantur,
2177 2701 2490 2758 Καλλικολώνῃ
2527 2702 2594 2758 (11.
2622 2701 2716 2755 XX,
2808 2716 2811 2719 ·

256 2777 486 2833 53.151.,)
535 2776 687 2835 κρουνὼ
717 2777 916 2834 καλιρῥόω
947 2778 1011 2834 (Π.
1040 2778 1182 2833 ΧΧΠ,
1214 2779 1295 2822 147
1325 2777 1454 2834 Sqq.),
1502 2778 1596 2822 alia.
1653 2779 1812 2823 Eodem
1841 2779 2044 2834 pertinet,
2089 2779 2203 2834 quod
2239 2780 2331 2836 jam
2367 2791 2499 2837 supra
2534 2779 2715 2834 laudavi,

256 2856 369 2911 quod
396 2859 524 2912 poeta
550 2867 736 2910 murum,
785 2855 838 2900 ab
867 2855 1047 2901 Achaeis
1077 2859 1356 2910 exstructum,
1399 2856 1488 2912 Jam
1516 2856 1675 2901 nullum
1703 2869 1797 2902 esse
1824 2861 2031 2902 memorat
2060 2857 2125 2932 (Il.
2154 2857 2257 2912 XII,
2286 2858 2415 2914 init),
2463 2850 2563 2903 item
2591 2857 2717 2913 pinus

253 2934 328 2979 illa
356 2934 574 2990 altissima,
605 2947 731 2990 quam
759 2938 850 2979 tum
880 2934 1005 2991 (τότε)
1034 2935 1079 2979 111
1106 2935 1183 2979 Ida
1210 2933 1340 2980 fuisse
1367 2938 1514 2980 narrat
1541 2935 1605 2992 (Il.
1634 2936 1745 2990 XIV,
1776 2935 1908 2990 287.),
1940 2936 2027 2980 sive
2054 2941 2184 2992 poeta
2212 2937 2301 2982 suis
2329 2937 2460 2982 oculis
2489 2936 2617 2981 talem
2646 2949 2716 2980 ar-

254 3012 401 3058 horem
427 3013 473 3057 in
499 3014 576 3058 Ida
603 3014 720 3068 vidit,
751 3015 836 3058 sive
865 3014 1022 3058 nullam
1050 3014 1110 3058 ibi
1136 3014 1305 3058 invenit.
1361 3015 1637 3058 Nihilominus
1667 3015 1703 3058 si
1733 3015 1825 3069 quis
1853 3015 2085 3059 Homerum
2113 3016 2239 3070 haec,
2270 3029 2378 3072 quae
2405 3016 2462 3060 ad
2490 3015 2716 3071 Trojanum

255 3103 403 3150 agrum
432 3095 638 3150 spectant,
668 3093 844 3137 aliorum
872 3092 1181 3138 narrationibus
1210 3092 1405 3138 edoctum
1434 3093 1650 3152 scripsisse
1678 3093 1892 3150 maluerit,
1930 3106 2015 3139 non
2043 3094 2269 3140 admodum
2297 3084 2551 3155 repugnabo.
2599 3093 2717 3151 Quae

255 3176 398 3214 autem
427 3173 479 3214 de
506 3174 793 3231 Peloponneso
822 3174 935 3231 apud
962 3184 1058 3217 eum
1084 3175 1292 3231 leguntur,
1323 3184 1374 3217 ea
1403 3177 1516 3218 certe
1544 3174 1749 3231 ejusmodi
1776 3177 1886 3230 sunt,
1915 3178 1966 3218 ut
1993 3175 2052 3218 ibi
2080 3184 2207 3233 saepe
2234 3175 2496 3232 multumque
2523 3176 2717 3219 versatus

2382 3251 2443 3297 2*
