3008 3711
1341 75 1670 121 ..4-

251 226 530 286 concedimus,
559 238 645 270 non
672 227 817 269 tamen
843 225 1037 270 homines
1065 224 1279 271 debebant
1305 237 1451 270 omnes
1488 225 1580 282 ejus
1617 225 1837 283 opiniones
1869 229 2032 273 temere
2067 228 2267 286 arripere.
2323 227 2448 283 Quod
2471 241 2604 288 qnam
2629 230 2750 277 teufi-

250 309 405 351 nanter
433 305 634 350 amultis
661 303 822 349 factum
851 305 920 358 sit,
951 304 1142 359 exemplo
1169 304 1427 349 mihierunt
1453 304 1538 349 duo
1566 305 2749 365 illichiisshnipootaefloothimetssebflhruaqno-

250 398 348 429 rum
376 385 447 429 ille
494 382 594 428 §adn
624 382 787 427 ἀέκοντί
799 371 851 439 ’γε
881 387 1004 439 θυμῷ
1050 383 1104 427 de
1131 395 1216 428 uno
1244 383 1430 428 Homero
1459 382 1714 438 desperavit,
1743 382 1813 428 hic
1839 382 2028 430 animum
2056 397 2181 431 suum
2207 385 2272 432 ita
2298 386 2552 432 consolando
2571 387 2748 443 levavit,

251 466 302 508 ut
331 463 368 507 si
395 475 480 508 non
507 475 593 507 uno
620 466 747 519 patre
773 462 919 518 genita
948 463 1092 506 essent
1118 461 1346 507 Homerica
1381 459 1588 516 carmina,
1633 463 1682 518 at
1721 472 1852 506 unam
1887 451 2070 508 matrem
2098 461 2310 510 Naturam
2355 463 2409 510 iis
2446 478 2541 512 esse
2575 464 2746 513 diceret.

251 542 333 587 Vix
361 542 532 586 demum
561 541 751 586 nonnulli
778 541 859 584 viri
887 540 1012 594 docti,
1039 541 1296 595 praesertim
1325 553 1454 596 quum
1481 538 1660 584 Wolfius
1687 552 1779 584 rem
1807 539 1866 584 ad
1891 537 2020 584 finem
2056 553 2141 585 non
2167 542 2438 599 perduceret,
2480 545 2750 602 respirabant

251 625 298 665 et
334 622 522 665 animum
565 621 620 665 ab
665 621 756 676 ejus
785 619 1040 665 auctoritate
1081 608 1263 664 libe'rum
1306 619 1362 664 ad
1403 619 1570 675 singula
1611 618 1891 664 examinanda
1918 617 2189 664 adhibebant
2246 620 2366 667 Inter
2398 622 2479 668 lios
2505 624 2748 670 Bernardus

252 699 521 745 Thierschius
537 699 589 755 ¹),
639 711 899 754 quamquam
935 698 1139 753 pleraque
1166 696 1319 743 Wolfio
1357 697 1581 751 concessit,
1632 697 1686 742 de
1713 701 1905 754 tempore
1932 700 2078 742 tamen
2105 701 2151 742 et
2178 698 2233 743 de
2259 701 2402 755 patria
2428 701 2749 749 Homer-ieorum

252 780 486 825 carminum
515 791 639 823 suam
667 780 781 823 viam
809 778 1024 833 ingressus
1054 780 1142 831 est,
1187 777 1428 824 Nitzschius
1438 777 1473 832 2)
1523 780 1668 821 autem
1695 789 1781 822 non
1808 779 1976 821 tantum
2003 776 2144 832 ipsum
2178 777 2412 824 Homerum
2439 784 2631 835 poetam,
2675 782 2750 838 qui

247 858 338 912 Jam
367 857 509 901 nullus
537 856 669 901 fuisse
697 857 813 901 visus
842 859 948 909 erat,
978 855 1219 910 restituere,
1251 856 1326 901 sed
1354 855 1482 900 etiam
1512 867 1585 899 eos
1613 854 1805 900 refellere
1833 854 2017 909 studuit,
2056 855 2130 910 qui
2157 859 2236 900 aut
2262 868 2315 901 ex
2340 857 2488 903 multis
2514 859 2747 906 minoribus

250 936 463 991 poematis
492 935 622 990 epicis
650 934 876 979 Homerica
904 934 1094 979 carmina
1122 938 1335 990 congesta,
1365 937 1441 978 aut
1468 946 1520 978 ex
1547 933 1723 989 parvulo
1751 932 1872 978 initio
1900 933 2123 989 paullatim
2150 933 2410 980 incrementa
2446 936 2608 991 cepisse
2636 937 2748 984 dice-

251 1018 359 1059 rent.
419 1014 503 1058 Sed
530 1027 608 1059 nec
635 1013 723 1067 his,
767 1025 844 1057 nec
873 1012 969 1057 aliis
998 1003 1195 1069 contigit,
1239 1017 1288 1057 ut
1317 1025 1415 1057 suas
1444 1012 1661 1068 opiniones
1699 1012 1850 1057 ceteris
1888 1011 1994 1056 satis
2021 1012 2262 1068 probarent.
2319 1013 2431 1057 Nam
2466 1013 2746 1070 Thierschius,

252 1104 377 1147 quem
406 1091 543 1147 magis
571 1092 726 1147 respici
753 1091 900 1145 velim,
940 1103 1070 1146 quam
1097 1090 1191 1135 fieri
1220 1092 1346 1145 solet,
1374 1103 1452 1135 nec
1480 1091 1621 1133 omnia
1650 1091 1860 1147 sagaciter
1896 1093 1941 1134 et
1969 1089 2026 1133 ad
2052 1090 2392 1146 persuadendum
2426 1095 2527 1148 apte
2556 1093 2747 1150 disputa-

250 1171 323 1224 vit,
355 1174 399 1214 et
428 1171 617 1227 singulas
645 1173 815 1214 tantum
843 1173 991 1226 partes
1019 1170 1153 1214 totius
1183 1170 1440 1226 quaestionis
1468 1172 1716 1225 persecutus
1746 1173 1825 1223 est,
1853 1169 2095 1214 Nitzschius
2124 1172 2280 1224 autem,
2317 1171 2435 1226 cujus
2463 1183 2619 1228 magua
2646 1173 2746 1217 olim

249 1249 362 1292 inter
390 1249 503 1292 viros
533 1249 680 1293 doctos
709 1249 944 1293 auctoritas
972 1248 1065 1302 fuit,
1095 1250 1304 1303 copiosius
1334 1260 1460 1303 quam
1497 1248 1754 1303 ingeniosius
1783 1248 2001 1303 scripsisse
2038 1260 2115 1292 nec
2143 1260 2311 1304 semper
2345 1249 2427 1293 sibi
2453 1249 2621 1294 videtur
2648 1263 2747 1295 con-

250 1327 425 1371 stitisse.
484 1328 636 1383 Itaque
664 1327 824 1372 factum
854 1331 933 1381 est,
972 1330 1023 1370 ut
1051 1330 1096 1371 et
1123 1328 1240 1382 prior
1268 1330 1312 1371 et
1339 1326 1549 1382 posterior
1584 1326 1658 1369 illa
1686 1324 1828 1369 Wolfii
1856 1326 1997 1381 opinio
2026 1326 2164 1370 denuo
2191 1327 2338 1371 multis
2365 1327 2630 1382 probaretur.
2687 1330 2747 1373 Et

249 1388 529 1461 posteriorem
568 1406 739 1460 quidem
775 1407 1046 1450 Hermannus
1083 1407 1203 1450 novis
1241 1405 1499 1461 argumentis
1543 1405 1836 1449 commendare
1879 1405 2055 1449 studuit.
2113 1405 2207 1450 Sed·
2226 1418 2342 1460 eam,
2380 1418 2407 1450 a
2435 1406 2646 1462 plerisque
2675 1420 2746 1452 ex-

250 1485 427 1539 plosam,
459 1497 569 1528 nunc
597 1485 773 1527 missam
802 1483 1019 1528 faciamus.
1076 1485 1189 1527 Nam
1227 1497 1321 1528 cum
1350 1484 1603 1528 carminibus
1632 1483 1887 1537 Homericis,
1919 1484 2063 1538 qualia
2090 1484 2228 1539 primo
2255 1484 2423 1539 fuerint,
2453 1485 2759 1547 interpolatio--

248 1576 326 1608 nes
356 1567 400 1607 et
428 1563 611 1607 minores
641 1566 686 1607 et
715 1563 943 1618 ampliores
972 1562 1162 1618 adjectas
1193 1575 1286 1608 esse
1315 1574 1436 1607 nemo
1465 1564 1697 1618 negaturus
1727 1562 1803 1616 sit,
1834 1565 1978 1607 tamen
2014 1574 2098 1607 non
2125 1562 2248 1608 facile
2276 1564 2520 1620 quisquam,
2551 1564 2625 1620 qui
2651 1565 2745 1620 qui·

249 1642 347 1686 dem
377 1645 514 1686 artem
545 1641 706 1696 epicam
735 1630 821 1686 non
848 1654 1024 1697 prorsus
1053 1642 1231 1698 ignoret,
1263 1653 1430 1686 carmen
1459 1641 1632 1696 aliquod
1660 1653 1846 1686 crescere
1875 1644 1921 1686 et
1949 1641 2071 1697 quasi
2097 1642 2376 1688 intumescere
2394 1654 2521 1698 posse
2546 1643 2745 1689 censebit.

249 1722 402 1765 Annon
431 1721 619 1764 carmina
648 1721 703 1763 ab
733 1721 827 1764 aliis
855 1720 899 1763 in
927 1721 1057 1764 latius
1087 1721 1259 1765 diducta
1288 1721 1399 1764 omni
1427 1723 1653 1764 venustate
1682 1720 1915 1764 exuentur?
1949 1721 2139 1764 Priorem
2167 1724 2311 1765 autem
2339 1719 2481 1765 Wolfii
2507 1722 2745 1776 opinionem

247 1802 481 1855 praeeunte
510 1798 805 1853 Lachmanno,
853 1799 944 1843 viro
973 1799 1238 1854 acutissimo,
1287 1799 1427 1855 paullo
1470 1802 1682 1843 mutatam
1727 1802 1771 1842 et
1807 1799 2044 1844 accuratius
2073 1797 2288 1844 definitam
2325 1811 2435 1844 nunc
2461 1812 2616 1856 magna
2643 1813 2746 1856 pars

250 1879 573 1922 Homericorum
617 1878 898 1933 interpretmn
942 1878 1275 1934 amplectuntur,
1313 1878 1356 1922 in
1384 1890 1519 1933 eaque
1547 1877 1767 1933 probanda
1795 1889 1969 1933 operam
1998 1890 2119 1922 suam
2148 1878 2363 1923 collocant.
2420 1878 2489 1923 Ita
2517 1881 2661 1924 autem
2689 1880 2744 1924 ab

249 1957 345 2012 ipso
375 1955 527 2000 Wolfio
558 1955 777 2010 differunt,
822 1961 891 2011 ut,
937 1956 1037 2000 dum
1066 1956 1137 2001 ille
1166 1969 1197 2003 a
1221 1959 1311 2001 toto
1341 1957 1464 2012 quasi
1492 1957 1648 2012 populo
1678 1959 1854 2001 canente
1882 1955 1988 2001 ficta
2009 1957 2196 2002 carmina
2223 1956 2297 2001 illa
2326 1960 2370 2001 et
2398 1960 2548 2013 postea
2577 1957 2631 2002 ab
2661 1970 2744 2003 uno

248 2035 293 2079 in
321 2048 438 2089 eam,
485 2048 595 2090 quae
633 2048 744 2079 nunc
773 2038 860 2088 est,
909 2034 1090 2079 formam
1117 2035 1290 2081 redacta
1328 2048 1421 2080 esse
1451 2035 1706 2091 conjecerat,
1753 2035 1819 2080 cui
1847 2035 1901 2079 ob
1930 2035 1975 2079 id
2001 2035 2141 2090 ipsum
2169 2035 2356 2080 Homero
2384 2047 2538 2080 nomen
2565 2035 2745 2081 inditum

249 2118 385 2167 esset,
433 2114 547 2168 quod
585 2117 723 2158 totum
753 2126 905 2169 corpus
943 2113 1266 2167 conformasset,
1315 2114 1646 2160 Lachmanniani
1685 2114 1798 2170 (cum
1826 2113 1985 2158 honore
2014 2114 2124 2169 dico)
2154 2126 2180 2158 a
2209 2113 2384 2170 singulis
2412 2107 2550 2170 poetis
2580 2114 2745 2171 singula

248 2196 450 2248 poemata
479 2193 547 2236 vel
574 2193 738 2236 minora
776 2193 841 2236 vel
878 2193 1042 2248 maj0ra
1068 2191 1168 2238 ficta
1198 2196 1242 2237 et
1271 2193 1488 2237 elaborata
1527 2205 1620 2237 esse
1650 2193 1813 2245 dicunt,
1859 2204 1992 2247 eaque
2021 2192 2084 2235 ita
2111 2192 2350 2248 conjuncta,
2399 2196 2449 2236 ut
2477 2193 2606 2237 etiam
2634 2206 2744 2239 nunc

248 2271 349 2316 Ilias
388 2274 432 2315 et
463 2271 654 2327 Odyssea
697 2271 740 2315 in
776 2275 924 2326 partes
953 2271 1049 2316 illas
1087 2272 1303 2317 commode
1333 2272 1504 2316 dissolvi
1533 2284 1658 2327 posse
1686 2271 1919 2315 videantur.
1976 2271 2208 2315 Homerum
2237 2271 2375 2327 ipsum
2412 2271 2457 2315 hi
2484 2272 2553 2315 vix
2580 2275 2741 2327 curant,

248 2363 327 2395 nec
363 2353 523 2395 certam
561 2351 600 2394 ei
637 2350 895 2405 provinciam
933 2351 1173 2407 assignant,
1223 2351 1310 2395 sive
1347 2351 1384 2395 is
1412 2364 1522 2395 unus
1551 2350 1632 2395 fuit
1660 2363 1710 2394 ex
1737 2363 1911 2394 numero
1948 2349 2114 2393 illorum
2143 2353 2385 2406 poetarum,
2435 2353 2479 2394 et
2507 2351 2543 2395 is
2573 2351 2742 2407 quidem

249 2428 555 2482 nobilissimus,
606 2429 694 2473 sive
723 2429 861 2484 prima
890 2429 1070 2474 nominis
1099 2430 1163 2474 vis
1192 2430 1349 2474 multos
1386 2432 1537 2485 poetas
1576 2429 1763 2484 ejusdem
1801 2428 1966 2485 generis
2003 2429 2143 2475 nescio
2173 2442 2257 2484 quo
2287 2442 2388 2474 casu
2417 2429 2632 2485 complexa
2661 2433 2739 2485 est,

250 2508 339 2552 sive
368 2508 405 2551 is
433 2508 644 2552 Homerus
673 2508 765 2561 fuit,
797 2509 869 2563 qui
898 2509 980 2552 duo
1009 2509 1083 2552 illa
1111 2513 1311 2563 poemata
1340 2522 1390 2553 ex
1418 2509 1570 2554 ceteris
1600 2508 1910 2564 conglutinavit.
1970 2508 2109 2561 Quare
2147 2509 2302 2553 omisso
2337 2509 2543 2561 Homero,
2575 2512 2742 2553 tantum

250 2586 304 2631 de
332 2586 453 2641 poesi
480 2586 706 2631 Homerica
734 2587 850 2640 loqui
880 2587 1027 2630 solent.
1088 2587 1171 2631 Sed
1201 2588 1237 2631 si
1260 2587 1350 2642 jam
1380 2585 1546 2631 difficile
1575 2590 1653 2640 est,
1692 2587 1815 2631 alicui
1842 2587 2118 2641 persuadere,
2157 2589 2201 2631 et
2229 2586 2404 2631 Iliadem
2434 2590 2478 2631 et
2508 2586 2741 2643 Odysseam

249 2677 277 2708 a
305 2677 461 2719 magno
490 2678 663 2709 numero
693 2665 908 2709 hominum
938 2665 1096 2710 factam
1125 2679 1238 2718 esse,
1284 2666 1371 2710 sive
1400 2668 1538 2709 totum
1568 2664 1789 2720 populum,
1835 2665 1921 2709 sive
1957 2665 2114 2709 multos
2151 2665 2335 2721 singulos
2364 2668 2513 2720 poetas
2543 2669 2742 2710 canentes

248 2743 390 2793 animo
419 2741 555 2798 fingis,
586 2769 642 2774 —
657 2745 864 2798 quomodo
895 2744 1018 2798 enim,
1050 2757 1220 2799 quaeso,
1251 2744 1475 2788 verisimile
1504 2744 1573 2797 sit,
1605 2747 1670 2788 tot
1697 2743 1887 2788 homines
1916 2738 2086 2788 easdem
2115 2756 2184 2788 res
2204 2744 2353 2788 eadem
2367 2744 2531 2787 ratione
2552 2747 2739 2788 tractan-

250 2823 328 2867 das
358 2823 438 2866 sibi
469 2823 701 2866 sumsisse?
734 2849 781 2854 —
822 2824 894 2867 illa
923 2823 1148 2868 difficultas
1186 2825 1315 2867 etiam
1345 2824 1588 2880 augebitur,
1638 2823 1710 2866 ubi
1748 2825 2046 2878 putaverimus,
2086 2824 2250 2879 singula
2294 2823 2500 2876 carmina,
2550 2835 2658 2878 quae
2688 2825 2741 2869 de

404 3051 430 3096 ¹)
455 3051 496 3083 cf.
520 3051 735 3093 potissimum
760 3052 834 3091 eJus
858 3051 996 3082 librum:
1035 3051 1173 3089 „Ueber
1206 3051 1267 3083 das
1299 3051 1463 3084 Zeitalter
1495 3050 1565 3082 und
1592 3049 1779 3082 Vaterlaud
1810 3050 1870 3082 des
1895 3050 2055 3087 Bomoi-⁶⁶,
2097 3059 2161 3093 quo
2200 3050 2234 3081 in
2271 3050 2353 3081 libro
2390 3051 2533 3083 maxime
2566 3051 2739 3083 Cratetem

457 3109 624 3141 Malloten
646 3110 906 3152 grammaticum
932 3114 966 3141 et
988 3110 1108 3141 laudat
1140 3114 1175 3142 et
1199 3110 1361 3151 sequitur.

404 3177 432 3221 ²)
457 3176 535 3210 vide
560 3187 637 3210 cum
661 3178 729 3211 alia
755 3179 829 3219 ejus
854 3177 990 3220 scripta,
1014 3181 1087 3210 tum
1109 3177 1365 3220 praefationem,
1390 3188 1491 3220 quam
1516 3175 1664 3209 secundo
1690 3175 1947 3210 adnotationum
1970 3176 2015 3210 ad
2031 3175 2222 3217 odysseam
2247 3174 2414 3209 factarum
2439 3179 2529 3209 tomo
2554 3175 2740 3219 praemisit.

457 3232 643 3270 Praeterea
668 3235 708 3270 ci.
735 3235 912 3281 egregium
937 3236 1010 3278 eJus
1033 3235 1171 3270 librum:
1197 3234 1286 3276 „Die
1312 3233 1542 3280 Sagenpoesie
1569 3233 1628 3268 der
1653 3233 1852 3268 Griechen“.
2352 3224 2357 3231 ’
