3008 3711
1331 82 1679 132 ...13-

259 222 356 285 Hoc
382 244 513 278 unum
550 244 629 288 pro
667 234 783 279 certo
818 230 968 275 haberi
1008 231 1188 286 poterit,
1236 231 1603 277 Pisistratidamm
1618 232 1647 286 ¹)
1676 232 1846 277 demum
1881 243 2014 288 opera
2040 245 2094 280 ea
2120 235 2216 279 tota
2242 232 2499 289 persa-ipta,
2547 236 2598 279 et
2621 246 2751 294 quun

260 307 1540 365 antesinmultnspartesdistmctaetconfusafuerint‚
1583 308 2249 366 mammonam,
2283 311 2751 367 qinon-costami-

260 403 360 435 nem
388 389 565 435 redacta
591 400 688 432 esse
696 387 745 443 2).
797 387 943 441 Quum
969 390 1116 432 autem
1143 387 1441 432 Pisistratidae
1469 391 1590 432 sexto
1617 390 1719 433 ante
1747 387 1966 436 Christum
1993 389 2165 436 saeculo
2189 389 2369 436 Athenis
2396 389 2680 446 regnaverint,
2714 391 2752 437 si

261 468 496 514 Homerum
519 467 611 522 jam
640 465 888 511 duodecimo
916 477 955 509 a.
985 465 1062 509 Ch.
1091 466 1262 512 saeculo
1289 466 1443 510 vixisse
1469 469 1588 510 recte
1615 477 1746 520 supra
1781 465 2059 521 conjee‘nnus„
2102 467 2291 514 carmina
2323 467 2416 525 eius
2456 467 2546 514 iere
2573 479 2651 524 per
2677 479 2752 513 sex

262 545 435 597 saeeula
462 544 708 591 memoriter
734 546 908 591 servata
935 545 981 588 et
1009 543 1172 589 tradita
1200 548 1311 589 sunt.
1368 544 1460 597 Quo
1489 543 1660 599 quidem
1687 543 1815 599 longo
1843 546 2048 601 temporis
2066 546 2207 602 spatio
2226 545 2328 593 ,fieri
2353 560 2441 593 non
2465 548 2617 603 potnit,
2647 547 2749 603 quin
2828 559 2832 561 ·

260 625 399 670 multa
427 625 471 669 in
499 625 551 668 iis
578 625 859 677 mutarentur,
888 622 1026 666 multa
1053 624 1254 678 perirent,
1283 622 1482 668 nonnulla
1509 622 1778 667 adderentur.
1837 623 1978 677 Quare
2005 637 2090 668 non
2116 624 2271 669 mirum
2298 633 2378 679 est,
2408 626 2524 681 quod
2548 629 2618 671 tot
2640 630 2750 671 tam·

263 716 349 761 que
376 715 555 760 magnae
583 702 629 748 in
656 701 709 747 iis
737 700 1048 756 discrepantiae
1075 701 1361 755 inveniuntur,
1399 700 1618 756 multaque
1645 714 1798 757 parum
1836 701 1949 749 inter
1975 714 2024 748 se
2051 701 2288 749 cohaerent.
2344 703 2481 749 Immo
2507 705 2645 760 magis
2672 705 2750 748 mi-

260 795 358 828 rum
385 781 508 835 foret,
539 780 578 825 si
604 780 744 825 adhuc
772 780 915 825 omnia
942 780 1112 836 integra
1139 784 1185 826 et
1212 781 1373 825 intacta
1392 781 1537 824 essent
1555 778 1789 836 eodemque
1807 779 1957 827 ordine
1971 779 2226 836 legerentur,
2253 792 2339 836 quo
2368 781 2469 826 olim
2486 781 2544 827 ab
2564 781 2750 828 Homero

261 862 493 909 decantata
521 862 655 905 erant.
712 859 771 904 Et
799 871 930 914 quum
959 859 1223 905 diversarum
1251 858 1436 914 partium
1464 857 1632 905 diversa
1660 870 1755 903 sors
1782 857 1922 920 inerit,
1965 857 2088 906 facile
2115 857 2377 915 inteffigimr,
2392 859 2481 915 vqui
2507 858 2600 906 fieri
2626 863 2750 916 potu-

260 940 357 994 erit,
386 943 437 984 ut
466 939 727 984 diversarum
756 937 945 993 partium
973 950 1085 984 nunc
1113 937 1279 1003 diversa
1307 936 1364 982 sit
1392 935 1575 981 conditio
1603 939 1650 981 et
1683 935 1832 983 forma.
1889 936 1980 991 Sic,
2023 941 2075 984 nt
2111 939 2190 984 hoc
2217 950 2348 983 unum
2375 949 2592 992 moneam,
2636 938 2749 992 Ilias,

261 1018 401 1075 qualis
430 1017 555 1062 hodie
584 1020 663 1072 est,
692 1015 830 1072 magis
858 1019 1118 1062 vetustatem
1148 1015 1320 1069 redolet,
1350 1027 1479 1071 quam
1509 1014 1713 1072 Odyssea,
1743 1014 1844 1070 quia
1870 1015 2008 1072 magis
2035 1019 2186 1062 saneta
2211 1016 2470 1070 habebatnn
2517 1029 2649 1072 quare
2679 1017 2752 1072 qui

260 1097 379 1143 illam
407 1095 667 1150 recitabant,
711 1095 991 1150 verebantur,
1034 1094 1212 1140 formam
1256 1094 1347 1149 ejus
1383 1094 1621 1150 antiquitus
1647 1083 1853 1141 traditam
1890 1097 2051 1142 temere
2076 1099 2258 1141 mutare.
2314 1096 2406 1141 Nec
2433 1099 2577 1140 tamen
2605 1108 2750 1140 omnes

259 1179 408 1232 partes
436 1175 583 1221 Iliadis
611 1175 762 1220 eadem
792 1178 909 1219 sorte
937 1186 1041 1219 usae
1069 1176 1180 1226 sunt,
1210 1172 1285 1217 sed
1313 1173 1514 1218 nonnulla
1541 1173 1586 1218 in
1612 1173 1746 1220 Iliade
1773 1173 1981 1229 leguntur,
2012 1186 2122 1229 quae
2149 1175 2324 1230 propius
2351 1175 2408 1219 ad
2436 1174 2750 1219 similitudinem

262 1253 484 1311 Odysseae
512 1252 743 1308 accedunt,
783 1253 884 1298 dum
912 1252 1028 1308 haud
1056 1264 1191 1307 pauca
1219 1251 1263 1295 in
1292 1251 1485 1307 Odyssea
1513 1252 1781 1307 reperiuntur
1808 1251 1932 1298 Iliadi
1959 1251 2173 1297 similiora.
2204 1253 2311 1297 Cum
2345 1257 2491 1297 autem
2518 1253 2750 1308 disputatio

261 1346 360 1378 mea
392 1333 485 1389 jam
514 1333 571 1377 ad
598 1330 725 1377 finem
754 1335 966 1387 properet,
1009 1344 1119 1376 nunc
1147 1330 1312 1386 singula
1335 1331 1538 1386 >persequi
1566 1331 1672 1376 nolo.
1731 1330 1816 1376 Sed
1844 1331 1881 1375 si
1909 1343 2011 1376 vera
2037 1335 2151 1386 sunt,
2180 1344 2291 1387 quae
2318 1332 2542 1387 disputavi,
2572 1344 2656 1376 non
2675 1331 2751 1375 du·

261 1411 364 1465 bito,
395 1412 498 1466 quin
526 1411 628 1464 hac,
659 1422 788 1465 qnam
816 1410 1030 1465 proposui,
1073 1409 1251 1472 ratione!
1267 1421 1413 1453 omnes
1441 1409 1543 1454 nodi
1570 1409 1676 1453 solvi
1703 1409 1886 1464 possint,
1917 1409 2070 1464 quibus
2096 1409 2324 1455 Homerica
2351 1409 2544 1465 quaestio
2572 1408 2751 1453 laborat.

261 1490 333 1536 Sic
360 1490 472 1534 enim
501 1489 701 1544 explicari
729 1488 900 1543 poterit,
932 1500 1061 1542 quum
1090 1491 1318 1542 utrumque
1348 1499 1519 1532 carmen
1547 1500 1677 1532 unum
1705 1500 1857 1543 eorpus
1885 1485 2055 1542 efficiat,
2085 1501 2162 1534 cur
2189 1492 2334 1532 tamen
2369 1488 2581 1532 interdum
2609 1500 2752 1532 rerum

259 1571 480 1626 gestarum
510 1567 615 1612 ordo
644 1567 702 1611 sit
730 1567 1014 1622 interruptus,
1059 1578 1135 1612 cur
1162 1569 1253 1611 tam
1282 1566 1418 1611 multa
1445 1579 1597 1621 parum
1626 1566 1910 1621 consentiant,
1952 1567 2154 1612 nonnulla
2195 1566 2303 1612 adeo
2324 1567 2450 1611 'inter
2476 1579 2525 1611 se
2551 1571 2750 1622 pugnent,

261 1659 340 1694 cur
368 1646 550 1703 denique
578 1649 623 1691 et
650 1658 793 1691 rerum
822 1650 867 1691 et
895 1646 1102 1692 sermonis
1132 1658 1184 1690 ea
1211 1658 1322 1692 nunc
1350 1644 1534 1692 conditio
1564 1645 1641 1701 sit,
1677 1649 1728 1691 ut
1755 1645 2015 1691 diversorum
2044 1649 2283 1702 temporum
2319 1645 2499 1702 vestigia
2525 1644 2570 1690 in
2598 1645 2650 1689 iis
2678 1645 2751 1690 de-

259 1725 592 1783 prehendantur.
651 1725 918 1781 Quamquam
947 1737 1032 1770 non
1060 1725 1214 1780 omnia,
1254 1738 1363 1780 quae
1391 1724 1469 1770 viri
1499 1726 1613 1772 docti
1650 1725 1693 1771 in
1720 1726 1772 1770 iis
1801 1725 1868 1770 vel
1894 1738 2047 1771 manca
2074 1726 2141 1771 vel
2166 1725 2420 1782 perturbata
2446 1725 2655 1769 invenisse
2674 1724 2755 1768 sibi

261 1805 343 1850 visi
372 1809 484 1859 sunt,
515 1807 717 1860 corrupta
746 1803 858 1858 dico,
889 1803 1018 1848 immo
1046 1803 1193 1858 multa,
1223 1803 1268 1848 in
1296 1803 1447 1860 quibus
1476 1804 1674 1859 haerent,
1717 1804 1853 1861 magis
1880 1803 2069 1860 ipsorum
2097 1804 2377 1850 subtilitatem
2413 1807 2459 1848 et
2485 1815 2662 1849 acumen
2689 1803 2752 1847 in-

261 1884 377 1941 genii
405 1883 601 1939 probant,
632 1895 761 1938 quam
789 1895 891 1927 vera
919 1895 1027 1936 esse,
1058 1896 1168 1938 quae
1196 1883 1426 1938 disputant.
1485 1883 1582 1937 Sed,
1613 1887 1662 1928 ut
1684 1884 1775 1938 jam
1803 1882 2022 1939 praefatus
2050 1897 2164 1938 sum,
2200 1896 2312 1928 nunc
2340 1895 2424 1927 non
2452 1883 2611 1936 onmia,
2642 1894 2751 1937 quae

260 1974 385 2006 meae
415 1963 652 2006 sententiae
681 1961 837 2017 opponi
865 1965 1064 2017 possunt,
1107 1961 1298 2006 refellere
1326 1962 1458 2014 volui,
1490 1962 1598 2006 satis
1627 1966 1740 2016 erat,
1777 1963 1821 2007 in
1857 1961 2098 2007 universum
2126 1962 2370 2016 ostendere,
2399 1960 2552 2017 quibus
2580 1960 2751 2016 potissi-

260 2052 380 2085 mum
409 2040 573 2085 caussis
603 2039 801 2093 adducar,
831 2042 881 2083 ut
909 2051 1005 2084 eam
1033 2040 1277 2096 amplectar.
1337 2040 1454 2093 Quae
1483 2051 1661 2086 caussae
1688 2043 1738 2085 ut
1766 2029 1896 2085 etiam
1933 2039 2027 2085 aliis
2056 2039 2304 2096 probentur,
2334 2042 2447 2096 opto.

416 2223 445 2266 ²)
469 2221 603 2265 operae
626 2223 773 2265 pretium
797 2225 862 2259 est,
886 2221 1082 2260 admonere,
1107 2222 1212 2255 etiam
1226 2221 1461 2254 Pisistratidas
1484 2230 1595 2266 genus
1618 2230 1718 2255 suum
1741 2231 1764 2254 a
1786 2220 1933 2255 Nestore
1956 2221 2175 2266 repetivisse,
2199 2225 2249 2262 nt,
2273 2221 2303 2257 si
2326 2231 2406 2257 vera
2429 2224 2520 2262 sunt,
2545 2230 2632 2266 qnae
2648 2230 2750 2266 supra
2845 2229 2851 2235 ·

466 2281 596 2323 opinati
619 2289 747 2318 summ
771 2279 956 2313 Homerica
978 2280 1128 2314 carmina
1152 2283 1205 2313 ter
1227 2290 1250 2313 a
1273 2278 1464 2313 Nestoridis
1496 2283 1633 2314 servata
1659 2288 1736 2314 esse
1760 2278 1949 2323 videantur,

413 2349 442 2392 ³)
467 2349 508 2383 ci.
533 2348 679 2393 Sengeb.
704 2349 786 2382 diss.
809 2348 862 2388 Π,
886 2360 918 2393 p.
943 2348 990 2383 27
1012 2359 1084 2393 sqq.
