3008 3711
1150 993 1860 1087 PRAEFATIO.

261 1279 585 1382 Priusquam
610 1318 779 1383 'ipsam
815 1318 1196 1383 disputationem
1230 1318 1476 1384 incipiam,
1510 1335 1669 1385 pauca
1703 1318 1929 1366 videntur
1960 1317 2319 1384 praemittenda
2355 1333 2478 1366 esse.
2543 1317 2611 1365 Et
2643 1318 2747 1385 pri-

262 1426 399 1456 mum
437 1409 635 1475 quidem
667 1408 809 1456 facile
845 1409 1084 1464 omnibus,
1121 1409 1205 1475 qui
1239 1409 1415 1475 legent,
1450 1409 1710 1484 probatum
1744 1409 1805 1458 iri
1839 1416 1983 1475 puto,
2021 1408 2154 1474 quod
2187 1416 2376 1458 tantum
2412 1409 2474 1458 de
2508 1407 2664 1458 Iliade
2699 1417 2750 1459 et

265 1497 490 1566 Odyssea
526 1499 625 1566 egi;
682 1499 805 1548 haec
848 1500 976 1549 enim
1023 1500 1235 1549 carmina
1278 1500 1385 1550 sola
1419 1517 1529 1550 vere
1559 1499 1824 1550 Homerica
1858 1499 1955 1549 dici
1995 1516 2143 1566 posse
2177 1499 2300 1549 mihi
2333 1516 2622 1566 persuasum
2656 1508 2745 1550 est.

265 1588 414 1656 Cujus
468 1590 540 1638 rei
593 1598 875 1655 argumenta
920 1590 1002 1638 hic
1051 1606 1149 1638 non
1196 1589 1411 1639 afferam.
1483 1587 1647 1644 Quum
1691 1598 1853 1639 autem
1895 1589 2187 1639 sententiam
2220 1607 2418 1655 prorsus
2458 1590 2748 1639 contrariam

262 1679 537 1746 plerisque,
595 1678 678 1745 qui
709 1679 984 1728 novissimis
1020 1679 1323 1746 temporibus
1361 1668 1672 1729 de'Homero
1713 1679 2033 1746 scripserunt,
2069 1680 2409 1746 propositurus
2444 1680 2561 1736 sim,
2596 1680 2748 1729 nolim

265 1769 565 1835 arrogantiae
601 1769 882 1822 insimulari.
953 1768 1053 1818 Sed
1086 1787 1197 1818 vere
1233 1770 1418 1826 dicam,
1469 1772 1600 1835 quod
1641 1770 1813 1820 sentio.
1889 1769 1994 1818 Nec
2036 1769 2242 1825 Wolfii,
2297 1787 2387 1818 nec
2429 1768 2745 1825 Lachmanni,

264 1876 353 1907 nec
390 1861 570 1914 eorum,
609 1859 692 1924 qui
727 1859 817 1907 hos
853 1858 1006 1907 secuti
1042 1868 1169 1916 sunt,
1207 1860 1700 1926 argumentationibus
1736 1860 1974 1908 adductus
2010 1875 2132 1915 sum,
2166 1867 2221 1908 ut
2255 1859 2330 1915 iis,
2368 1875 2492 1924 quae
2526 1860 2621 1908 illis
2644 1860 2748 1909 visa

264 1958 389 2004 sunt,
430 1949 679 2004 assentiar,
717 1950 805 1998 sed
841 1965 1137 2014 quamquam
1170 1950 1325 1999 multa
1358 1949 1599 1999 subtiliter
1632 1958 1683 1998 et
1719 1957 1858 1998 acute
1897 1949 2278 2014 disputaverunt,
2312 1958 2477 1997 tamen
2512 1966 2615 1997 rem
2649 1966 2746 1997 non

265 2038 325 2087 ab
362 2023 501 2086 omni*
528 2046 667 2102 parte
703 2038 928 2086 videntur
961 2039 1079 2087 satis
1122 2040 1443 2104 ponderasse,
1496 2049 1544 2087 et
1576 2040 1694 2087 dum
1731 2057 1874 2087 omne
1910 2040 2125 2087 studium
2159 2040 2211 2091 in
2246 2057 2302 2086 eo
2336 2049 2624 2106 posuerunt,
2674 2049 2743 2094 ut,

265 2129 397 2194 quod
434 2128 493 2175 ab
529 2129 668 2176 initio
703 2129 824 2196 ipsis
859 2147 1027 2176 verum
1060 2131 1219 2178 visum
1254 2140 1379 2186 erat,
1432 2132 1837 2186 demonstrarent,
1875 2146 1955 2186 ea,
1993 2146 2116 2196 quae
2147 2131 2226 2179 his
2263 2139 2556 2198 repugnant,
2593 2131 2742 2179 inter—

265 2221 381 2267 dum
426 2236 600 2286 parum
636 2229 930 2269 curaverunt.
1001 2220 1175 2286 Itaque
1211 2238 1320 2269 cum
1352 2222 1504 2269 multa
1538 2207 1671 2277 sints
1693 2237 1776 2270 cur
1807 2220 2072 2269 Homerica
2107 2220 2319 2269 carmina
2354 2237 2413 2268 ex
2446 2220 2611 2269 multis
2646 2220 2742 2269 mi·
2810 2208 2813 2210 ’

263 2309 461 2359 noribus
498 2310 789 2359 carminibus
827 2310 1080 2375 conjuncta
1115 2310 1267 2358 videri
1301 2310 1512 2376 possint,
1563 2309 1656 2366 illi,
1692 2327 1789 2358 non
1825 2318 2068 2365 curantes,
2114 2309 2262 2358 etiam
2297 2326 2419 2365 esse,
2455 2327 2539 2358 cur
2574 2310 2745 2360 statim

265 2400 325 2448 ab
363 2400 501 2449 initio
536 2418 685 2448 unum
721 2418 888 2448 eorum
924 2417 1097 2464 corpus
1133 2400 1282 2448 fuisse
1319 2400 1593 2454 credamus,
1641 2400 1755 2448 huic
1789 2400 1874 2447 uni
1907 2400 1977 2447 rei
2012 2400 2223 2454 student,
2263 2408 2317 2447 ut
2352 2417 2410 2447 ea
2444 2400 2495 2447 in
2530 2401 2744 2466 singulas

262 2489 523 2554 particulas
560 2490 837 2538 dissolvant.
909 2486 1142 2542 Quamvis
1180 2498 1343 2537 autem
1376 2489 1528 2537 multa
1573 2489 1623 2536 in
1665 2490 1726 2538 iis
1762 2489 2087 2544 inveniantur,
2141 2505 2264 2555 quae
2307 2489 2434 2537 inter
2468 2505 2523 2537 se
2559 2489 2742 2538 discre-

260 2588 393 2651 pent,
429 2581 582 2629 multo
617 2589 783 2630 tamen
816 2580 957 2645 plura
993 2579 1233 2645 ejusmodi
1266 2587 1403 2636 sunt,
1456 2596 1579 2645 quae
1625 2587 1674 2627 et
1708 2579 1834 2628 bene
1869 2579 1994 2628 inter
2028 2596 2081 2628 se
2117 2579 2410 2628 cohaereant
2445 2588 2496 2628 et
2532 2580 2743 2628 dictione

261 2670 509 2719 simillima
540 2672 651 2727 sint,
686 2688 776 2719 nec
812 2687 840 2718 a
874 2671 1094 2736 pluribus
1128 2671 1289 2735 poetis
1324 2670 1585 2736 proficisci,
1629 2687 1720 2718 nec
1753 2671 1954 2718 diversis
1990 2671 2292 2735 temporibus
2327 2670 2446 2736 fingi
2479 2671 2741 2735 potuerint.

261 2756 391 2808 Mihi
427 2761 625 2825 quidem
659 2761 744 2816 illi,
781 2778 905 2826 quae
944 2761 1262 2826 argumentati
1291 2769 1426 2815 sunt,
1487 2777 1583 2808 non
1617 2760 1752 2825 prius
1787 2759 2170 2825 persuadebunt,
2217 2776 2366 2826 quam
2399 2760 2741 2808 verisimile

264 2865 400 2897 esse
436 2851 859 2907 ostenderint,
914 2860 969 2900 et
1001 2852 1211 2918 plures
1250 2851 1439 2900 simul
1471 2859 1696 2917 poetas
1731 2859 1852 2899 tam
1891 2845 2172 2916 egregios
2222 2852 2283 2899 in
2333 2850 2596 2900 Graecia
2633 2868 2740 2898 ex-

263 2938 536 2996 stitisse,
572 2951 641 2988 ut
677 2942 868 2989 omnis
902 2942 1251 3008 posteritas
1292 2942 1708 2990 admiratione
1746 2958 1956 2989 eorum
1991 2950 2334 2998 teneretur,
2368 2950 2428 2989 et
2460 2949 2554 2989 tot
2587 2957 2740 3006 poe-

262 3037 357 3078 tas
393 3032 565 3097 quasi
599 3033 894 3098 pactione
929 3033 1095 3083 facta
1130 3033 1437 3100 ejusmodi
1478 3048 1569 3081 res
1605 3040 1941 3088 tractasse,
1990 3047 2142 3097 quae
2185 3040 2306 3081 tam
2340 3030 2649 3081 commode
2684 3031 2741 3079 in

264 3119 378 3167 duo
416 3136 678 3187 corpora
714 3123 1002 3189 conjungi
1037 3132 1313 3189 possent,
1349 3132 1412 3172 ut
1445 3123 1782 3172 novissimo
1820 3122 2058 3171 demum
2088 3130 2368 3188 tempore
2402 3120 2561 3170 male
2597 3137 2739 3169 con-

255 3207 470 3273 juncta
515 3210 1159 3278 deprehenderentur.
1233 3212 1398 3276 Quum
1442 3222 1627 3270 autem,
1668 3214 1762 3262 nisi
1796 3230 1873 3261 res
1908 3213 2069 3279 aliqua
2106 3213 2223 3263 satis
2264 3212 2386 3261 mihi
2421 3212 2628 3279 probata
2661 3210 2739 3266 sit,

2441 3300 2463 3340 1
