3008 3711
250 322 337 389 pit,
384 322 511 384 aliter
535 320 769 373 Romnum
797 329 921 370 snm
947 329 1044 366 ,esse
1071 315 1392 372 confla-marim,
1439 328 1569 376 quam
1595 315 1712 373 quod
1739 315 1958 372 Smyrnaei
1992 329 2021 360 a
2047 328 2095 361 se
2121 316 2326 373 originem
2351 316 2639 373 ἀπῆκαν),
2685 322 2734 364 et
2809 383 2816 390 ι

250 400 397 457 Argivi
437 400 525 445 νίς
546 397 744 451 matur
784 395 879 446 ami
914 408 1012 440 esse
1047 396 1157 441 serio
1193 398 1534 451 ermrepetere,
1582 407 1840 451 quamquam
1874 391 2733 452 haudsdoaneauss'aeonunopnm

249 479 388 531 finierit.
445 476 532 530 Sed
557 487 643 523 non
667 474 823 537 inuria
848 473 930 520 hoc
957 474 1078 526 nobis
1106 473 1331 527 sumimus,
1379 485 1472 519 nos
1514 485 1614 517 non
1655 473 1822 517 minus
1849 477 2013 527 recte,
2061 485 2212 530 quam
2239 473 2383 529 ipsos
2411 474 2642 520 Graecos
2669 474 2732 519 de

249 554 529 609 meatibus
565 552 805 609 judicare
846 563 1020 608 posse,
1065 550 1261 609 quamvis
1286 552 1422 603 multa
1448 551 1694 608 adjumenta
1728 551 1811 595 illis
1847 550 2023 607 fuerint,
2066 551 2219 609 quibus
2246 564 2326 600 nos
2353 551 2543 599 dolemus
2570 564 2730 601 carem-

167 646 181 659 ‘
249 634 362 687 Nam
390 631 544 688 quibus
570 631 632 680 illi
658 630 726 676 usi
753 633 872 684 sunt,
914 629 1117 686 plemque
1144 631 1266 676 nobis
1300 643 1330 675 a
1356 630 1635 686 smiptoiibus
1662 630 1833 675 serioris
1862 631 2064 686 temporis
2092 634 2263 678 servata
2291 634 2412 684 sunt,
2455 642 2567 686 quae
2594 631 2731 686 perie-

249 714 363 764 runt,
392 722 446 755 ea
472 708 613 761 minus
639 710 788 765 gravia
815 712 916 753 sunt
941 707 1148 755 habenda.
1170 726 1173 729 ·
1206 708 1367 762 Quibus
1394 712 1539 754 autem
1566 711 1791 765 praeterea
1819 720 1895 751 uos
1923 720 2137 763 caremuS,
2165 709 2219 753 iis
2247 721 2326 754 nec
2351 708 2414 753 illi
2441 708 2639 757 videntur
2665 710 2730 754 uti

250 788 448 842 voluisse.
504 788 657 845 Itaque
693 788 845 845 quibus
887 787 949 832 illi
983 787 1040 833 ad
1075 787 1155 833 has
1183 799 1253 832 res
1281 787 1594 843 investigandas
1631 787 1701 832 usi
1728 790 1847 840 sunt,
1896 799 1948 832 ea
1974 787 2062 833 fere
2089 788 2231 832 omnia
2258 788 2389 836 etiam
2416 787 2540 833 nobis
2565 790 2729 843 patent.

250 868 412 913 Contra
438 867 576 919 multa
603 871 723 921 sunt,
762 879 839 911 cur
866 866 974 911 adeo
1000 867 1158 912 rectius
1185 878 1264 918 nos
1288 853 1478 922 judicare
1504 878 1631 921 posse
1660 869 1816 920 putem.
1876 866 2086 920 Imprimis
2114 867 2196 911 huc
2222 866 2380 920 refero,
2410 867 2525 922 quod
2552 866 2731 915 Graecis

250 945 402 994 levitas
431 945 641 1002 quaedam
675 949 722 989 et
749 945 968 989 temeritas
999 944 1217 1000 judicandi
1249 943 1422 1000 propria
1459 943 1561 997 fuit,
1611 955 1739 999 quam
1775 956 1828 986 ne
1857 943 2125 987 Alexandrini
2152 944 2321 1000 quidem
2349 944 2411 989 illi
2438 944 2573 989 critici
2601 957 2729 1000 saga-

249 1023 418 1076 cissimi,
448 1007 654 1080 quantum
682 1035 734 1066 ex
761 1022 947 1078 reliquiis
975 1023 1179 1077 conjicere
1215 1022 1333 1075 licet,
1383 1034 1549 1066 omnem
1576 1025 1792 1065 exuerant.
1849 1022 2022 1071 Accedit
2048 1022 2162 1077 quod
2198 1023 2457 1066 Graecoriun
2499 1022 2630 1067 animi
2672 1023 2730 1066 ad

249 1101 417 1157 fabulas
444 1101 652 1157 proclives
677 1103 812 1154 erant,
842 1112 892 1144 ac
918 1099 1040 1144 tacile
1067 1112 1169 1144 vera
1196 1099 1316 1144 falsis
1343 1099 1586 1144 miscebant.
1644 1100 1783 1152 Quum
1821 1099 1951 1154 igitur
1977 1099 2201 1149 Homerica
2228 1101 2415 1145 carmina
2449 1112 2502 1149 ex
2528 1100 2657 1150 Jonia
2683 1099 2730 1144 iu

248 1179 465 1235 Europam
494 1178 704 1225 translata
731 1190 827 1224 esse
857 1180 1092 1232 constaret,
1140 1180 1311 1223 vetusta
1337 1180 1482 1225 autem
1509 1177 1713 1223 memoria
1740 1177 1948 1222 oblivione
1975 1177 2130 1222 obruta
2157 1182 2289 1232 esset,
2318 1177 2439 1224 facile
2466 1177 2727 1235 intelligitur,

250 1258 326 1314 qui
351 1256 445 1302 fieri
471 1258 669 1313 potuerit,
699 1261 748 1303 ut
775 1269 920 1302 omnes
948 1256 1036 1301 fere
1065 1256 1218 1302 Graeci
1243 1256 1427 1312 patriam
1454 1257 1630 1301 Homeri
1655 1256 1771 1312 apud
1798 1257 1947 1302 Jonios
1974 1256 2105 1303 fuisse
2132 1256 2362 1310 crederent,
2392 1257 2514 1312 eique
2541 1257 2729 1311 opinioni

248 1336 515 1390 nobilissimi·
533 1339 686 1392 poetae
713 1339 759 1379 et
785 1336 974 1380 historici
1009 1334 1135 1380 fidem
1162 1335 1377 1379 haberent
1433 1335 1584 1379 Annon
1611 1335 1765 1381 similia
1799 1336 1843 1397 in
1869 1336 1965 1378 aliis
1993 1335 2121 1378 rebus
2148 1336 2407 1379 evenerunt?
2449 1335 2511 1378 Ut
2537 1334 2618 1379 hoc
2643 1347 2728 1378 uno

248 1417 369 1470 utar,
401 1414 564 1468 Graeci,
594 1414 695 1470 quia
721 1414 868 1459 literas
896 1425 923 1458 a
951 1413 1226 1459 Phoenicibus
1254 1413 1337 1469 ipsi
1364 1416 1626 1469 acceperant,
1657 1413 1711 1457 ab
1739 1413 1888 1457 iisdem
1917 1425 1992 1457 eas
2019 1413 2213 1464 inventas
2239 1425 2336 1457 esse
2362 1425 2441 1469 pro
2469 1416 2584 1457 certo
2612 1411 2728 1458 affir-

248 1495 485 1546 maverunt,
515 1503 772 1548 quamquam
798 1504 909 1537 nunc
937 1492 1043 1535 satis
1071 1495 1256 1545 constat,
1280 1491 1371 1546 ‚iam
1398 1491 1532 1535 multo
1560 1493 1661 1534 ante
1687 1492 1918 1536 Phoenices
1946 1492 2177 1547 Aegyptios
2212 1492 2264 1535 iis
2292 1503 2393 1534 usos
2420 1503 2527 1535 esse.
2585 1492 2727 1544 Quare

247 1568 380 1617 nihil
421 1581 677 1624 curamus,
725 1569 860 1625 quod
888 1569 1074 1615 Graeci
1100 1568 1210 1623 iere
1256 1579 1429 1621 omnes
1470 1568 1742 1613 Homerum
1777 1569 2010 1613 Jonicum
2047 1573 2253 1624 poeta-m
2287 1568 2453 1618 fuisse
2488 1568 2726 1613 credide-

248 1651 388 1703 runt,
417 1648 522 1704 ipsi
548 1647 855 1702 videbimuS,
884 1651 1056 1692 utrum
1083 1650 1229 1692 recte
1257 1659 1322 1691 an
1348 1645 1484 1690 falso
1512 1645 1842 1691 crediderint.

454 1725 516 1769 Ut
544 1726 676 1781 igitur
703 1726 760 1770 ad
786 1726 881 1780 ipsa
909 1725 1134 1771 Homerica
1161 1725 1350 1769 carmina
1377 1736 1455 1768 nos
1483 1727 1787 1778 convertamus
1817 1725 1999 1780 primum
2028 1725 2315 1780 quaerendum
2344 1728 2431 1779 est,
2461 1737 2576 1770 num
2604 1725 2728 1780 quid

249 1815 309 1848 ex
334 1802 490 1848 rebus
516 1803 707 1858 gestis,
755 1815 883 1859 quas
912 1804 1010 1847 duo
1037 1802 1133 1847 illa
1160 1803 1391 1850 carmina
1425 1802 1830 1857 amplectuntur,
1880 1803 1941 1847 de
1977 1806 2133 1858 poeta
2161 1803 2349 1857 conjici
2378 1804 2559 1858 possit.
2616 1803 2726 1847 Con—

249 1884 341 1926 stat
367 1885 512 1926 autem
541 1881 674 1926 Iliade
702 1894 772 1926 res
800 1882 962 1928 decimo
990 1882 1091 1928 belli
1118 1881 1288 1937 Trojani
1314 1893 1426 1927 anno
1454 1885 1619 1936 gestas,
1652 1880 1843 1937 Odyssea
1870 1893 1923 1925 ea
1951 1882 2174 1935 contineri,
2204 1893 2314 1936 quae
2342 1882 2398 1926 ad
2426 1882 2609 1927 redimm
2636 1881 2727 1926 Uli-

248 1960 313 2005 xis
341 1960 567 2016 pertinent,
597 1961 832 2018 omniaque,
863 1973 973 2016 quae
1000 1963 1239 2014 narrantur,
1268 1959 1462 2014 undecim
1489 1971 1693 2006 annorum
1723 1960 1862 2015 spatio
1883 1960 2099 2013 contineri,
2129 1960 2209 2004 hoc
2227 1960 2359 2015 igitur
2377 1964 2567 2016 tempore
2586 1960 2726 2016 ipsum

249 2042 547 2096 argumentum
575 2039 895 2098 Homericorum
937 2039 1171 2090 carminum
1199 2038 1496 2093 circumscribi.
1559 2038 1789 2083 Praeterea
1823 2038 1940 2083 haud
1973 2051 2112 2094 pauca
2152 2039 2197 2084 iu
2238 2039 2290 2083 iis
2332 2042 2725 2101 commemorantur,

249 2129 361 2174 quae
389 2117 447 2161 ad
473 2117 640 2162 initium
667 2122 714 2162 et
741 2130 916 2164 caussas
943 2119 1045 2164 belli
1072 2121 1280 2173 spectant,
1309 2117 1509 2163 nonnulla
1536 2117 1678 2171 etiam,
1707 2129 1817 2175 quae
1845 2118 2008 2173 aliquot
2034 2118 2248 2169 hominnm
2277 2117 2490 2162 aetatibus
2518 2121 2619 2161 ante
2636 2117 2726 2163 bel-

248 2196 338 2240 lum
367 2196 594 2251 Trojauum
622 2201 746 2251 gesta
774 2201 884 2240 sunt.
941 2198 1128 2241 Earum
1172 2201 1344 2240 autem
1386 2208 1573 2249 rerum,
1622 2208 1752 2250 quae
1793 2201 1914 2250 post
1950 2196 2120 2239 Ulixis
2148 2196 2199 2240 in
2239 2196 2466 2251 patriam
2501 2195 2725 2239 reditum

248 2277 438 2329 gestae
466 2279 610 2328 sunt,
631 2275 790 2319 ,nulla
818 2287 1034 2330 usquam
1062 2275 1253 2319 mentio
1290 2274 1433 2318 facta
1455 2277 1559 2327 est,
1602 2274 1683 2316 nisi
1711 2274 1825 2328 quod
1853 2274 2121 2327 subobscure,
2150 2275 2224 2328 qui
2251 2275 2365 2318 vitae
2392 2274 2529 2318 exitus
2558 2273 2726 2319 Ulixem

248 2355 440 2404 maneat,
486 2351 756 2408 significatur.
813 2354 969 2397 Mirum
997 2357 1141 2397 autem
1169 2357 1285 2397 certe
1312 2352 1541 2406 videbim,
1573 2352 1835 2406 Homerum,
1874 2353 1912 2395 si
1939 2351 2107 2408 quidem
2135 2352 2180 2396 in
2207 2352 2333 2397 Jonia
2360 2352 2554 2407 vixisset,
2580 2352 2728 2398 omnia

248 2430 324 2475 illa
351 2430 518 2473 silentio
546 2431 777 2485 praeterire
805 2432 1014 2487 potuisse,
1063 2443 1172 2487 quae
1199 2435 1299 2487 post
1331 2443 1411 2475 res-
1430 2431 1634 2487 TrOJanas
1676 2432 1720 2473 in
1749 2431 1928 2475 Graecia
1963 2430 2078 2474 facta
2113 2435 2256 2484 erant,
2305 2431 2559 2485 praesertim
2595 2443 2727 2486 quum
2781 2467 2788 2473 .

249 2509 501 2566 gravissima
544 2514 696 2553 essent.
755 2510 865 2553 Nam
902 2511 1129 2566 postquam
1156 2510 1408 2555 Heraclidae
1437 2523 1533 2554 cum
1560 2509 1746 2553 Doribus
1774 2510 2108 2564 Peloponnesum
2144 2511 2410 2563 invaserunt,
2458 2511 2504 2554 in
2530 2511 2727 2555 omnibus

252 2587 495 2631 civitatibus
514 2588 690 2632 Graecis
719 2592 841 2632 tanta
869 2601 1009 2633 rerum
1038 2590 1218 2632 mutatio
1245 2589 1362 2632 facta
1388 2594 1475 2641 est,
1522 2593 1571 2632 ut
1614 2601 1697 2631 non
1733 2571 1857 2631 modo
1888 2589 2008 2632 sedes
2045 2602 2192 2632 earum
2224 2590 2438 2643 gentium,
2483 2590 2537 2633 de
2574 2589 2727 2643 quibus

249 2667 515 2722 potissimum
544 2668 753 2710 Homerus
796 2669 904 2723 agit,
953 2668 1302 2724 perturbarentur
1337 2672 1382 2712 et
1418 2680 1591 2723 prorsus
1629 2671 2008 2717 commutarentur,
2040 2668 2114 2710 sed
2142 2667 2273 2710 etiam
2302 2668 2492 2730 coloniae
2520 2673 2611 2712 tum
2640 2670 2726 2723 pri-

261 2804 510 2811 —-—-.--..-.*7

402 2896 428 2939 ¹)
453 2894 493 2929 In
518 2894 648 2929 duabus
673 2896 749 2928 vitis
773 2894 961 2929 Homericis
987 2895 1048 2930 hoc
1075 2895 1117 2929 de
1141 2895 1320 2928 Pisistrato
1346 2896 1550 2983 epigramma
1574 2894 1701 2938 legitur
1713 2906 1719 2911 ·

1143 2954 1226 2999 Tel,-
1248 2966 1289 2997 με
1314 2965 1437 2998 τυρανν
1439 2964 1505 2996 qua
1527 2964 1567 2984 τα
1591 2964 1742 2986 «ταοσαυτ
1838 2951 1969 2987 ξεδίωὲε

1278 3008 1396 3055 Δῆμος
1415 3005 1489 3057 'Ee
1492 2965 1651 3054 κ’θέῦςκ
1781 3010 1858 3046 ςέπ
1820 3021 1914 3098 mor
1910 3004 1983 3053 2⁶17

1145 3065 1214 3101 Τὸν
1198 3081 1276 3112 rep
1273 3069 1340 3112 ’γαν
1365 3069 1398 3100 ἐν
1419 3067 1558 3110 βουλαῖς
1583 3065 1654 3100 Πει
1654 3020 1762 3100 olotm
1712 3078 1797 3112 ερατ
1931 3064 1991 3099 τὸν
1984 3021 2159 3156 θ’θζιιηρον

1273 3119 1435 3171 Ἠθροοσ
1415 3137 1460 3159 σα
1483 3135 1547 3157 ouo
1550 3119 1717 3169 οάδηντο
1698 3120 1717 3155 ὁ
1748 3136 1793 3169 πο
1795 3124 1825 3155 iv
1849 3118 1890 3156 ἇε
1870 3078 2030 3167 οιδὸμενο

1141 3175 1988 3229 ’ῦς1ἰ’ῑῦςεῦνᾶρι’>υιῦῦςη·ὶηψ

1278 3239 1389 3284 Εἴπερ
1408 3184 1595 3282 ’Λθῖηναῖοι
1619 3234 1779 3283 Σμύρναν
1804 3239 2026 3281 laetaturque.
